1128 1876
295 112 718 66 IN EPISTOLAM AD EPHESIOS

245 192 820 56 perſequeretur, uocatum diuinitus ut Christuminter gen

242 229 823 68 tes annunciaret, idq́; ilico feciße, nemine mortalium con¬

244 272 819 75 ſulto, efficacem autemin ſe erga gentes Dominum fuiße,

240 328 780 69 non minus, quàm erga Iudeos efficax fuerit in Petro·

294 379 772 60 Myſterium autem & arcanum Chriſti, quod reuela¬

240 422 825 72 tũ ſibi Paulus hic memorat, quod & ſupra expoſuit, eſt,

240 473 826 77 Christum eße caput & principem ſanctorum, per cuius

239 528 824 69 fanguinem, redemptionem habemus, quotquot ad uitam

237 572 828 76 electi ſumus, ſiue ex gentibus, ſiue ex Iudæis, per ipſum

236 620 829 78 enim perficienda ſunt omnia. Quod myſterion antea ab

234 673 831 74 ſconditum, à morte Christi reuelari oportuit, & genti¬

233 726 827 68 bus quoq; annunciari, quæ iam æque, ac Iudæi Chriſto,

233 778 830 69 imò ludeis copioſius adducendi crant· Morte namq; ſua

234 823 829 74 CHRISTVS, quod interſtitium, inter gen¬

233 873 832 69 tes & Iudæos erat, tam ob ignorantiam D E I, qua

229 925 836 72 laborabant gentes, quã ob fidutiam cerimoniarum, qua

229 972 834 72 tumebant Iudæi, ſubmouit·Vnumq́; ſibi corpus, in quod

231 1023 831 74 ipſe caput, cæleſtes opes cumulatißime effunderet, utrun

231 1075 829 67 que populum compegit, qui ſuo actus ſpiritu, continuo

231 1127 831 75 peccatis magis ac magis purgatur, & pietate plenius

233 1172 162 58 imbuitur.

283 1225 780 71 Sed quorſum commemorat ista hic Paulus? Vt ſane

237 1274 820 73 percharam redderet Epheſiis Euãgelii communionem,

237 1325 825 71 quam licet perditæ gentes, cum ſancto populo ᗞei, ex ſin

237 1377 822 69 gulati diuinæ beneuolentiæ dignatione erant conſecuti·

237 1427 822 70 Hec enim uoluit eis ſignificare · Perpendite Epheſij,

242 1482 818 79 digneq́; æſtimate quàm benigne uobiſcum Deus egerit,

1005 1553 65 61 qui

67 1224 159 68 Quia per

59 1278 167 52 hæc Pau¬

61 1321 165 60 lus uolue¬

62 1374 164 64 rit Ephe¬

64 1424 151 68 fijs ſua¬

64 1482 109 56 dere·
