1128 1876
98 90 696 92 M. BVCERI COMMENTARIVS·

830 114 58 51 96

51 161 840 75 ipſis, uiuat in nobisucrbi D E I meditatio, ut uel ex

54 218 837 79 parte, nomini & uocationi noſtræ reſpondeamus, electi

53 276 421 64 & uocati, ut filij Dei ſimus·

54 322 798 86 Et ne inebriemini uino, quod uitam

176 393 621 72 reddit intemperantiorem.

104 462 784 69 Adidem & hæc monutio facit Si namq; ad Dei uolun¬

54 515 834 74 tatem nobis uiuendum, neq; id poßumus, niſi quàm circũ

62 565 826 77 ſpectiß.uixerimus, occaſioni bene agendi nunquam non

57 619 831 65 incumbentes, certe corda nequaquam grauanda ſunt cra¬

59 669 829 67 pula & ebrietate, ut & Chriſtus monuit, uiniq; largior

57 719 831 64 uſus, qui plane intemperantem uitã reddit, et bene agendi

56 769 832 61 occaſionis incurioſũ prorſus abeſſe debet·Tũ opus fuerit,

59 820 829 61 ut uerbi Dei admonitio adſit frequentißima· Hortatur igi

61 873 827 58 tur Apoſtolus, ne uino inebriemur, ſed magis repleamur

64 914 824 75 ſpiritu, hoc eſt, feruore quodã animi Dei ſtudioſi, ut ſicut

59 969 829 67 ebrij uino, fabulis & cantionibus nugatioribus oblectan

62 1019 826 70 tur, nos ſermones ſeramus, de pietate, decantantes Domi

61 1069 827 67 no, non tam uoce, quàm corde, Pſalmos & alios hymnos,

64 1117 824 71 Deilaudes continentes, alijsq́; de rebus ad pictatem faci¬

62 1167 826 63 entibus, ſanctas, & ſpirituales cantilenas, gratias agen¬

64 1219 824 61 tes proomibus, per dominũ nostrũ Ieſum Christũ, per

65 1267 823 71 quem mediatorẽ, bona uniuer ſa percipimus, deo et patr

65 1317 823 63 noſtro, bonorũ omniũ aulhori·Siquidem ſolet in Pſalmis

65 1366 823 73 & alijs ſanctis cantionibus, præcipuũ id eſſe, quod dei be

64 1422 824 56 neficiare cenſentur, et pro eis celcbrãdo ita ipſius bonita

64 1467 824 80 te, gratiæ aguntur·Inde eſt quodait gratias agentes & c·

735 1538 153 59 Diſcamus

905 403 108 64 Sect·8·

916 1102 149 76 Fugienda

916 1164 127 58 ebrietas

916 1214 144 55 excitãdus

918 1261 153 66 feruor ſpi

916 1310 122 59 ritus ſer

918 1358 148 66 monib·&

916 1414 149 60 cantionib¬

918 1467 69 71 pijs·
