1128 1876
373 143 570 52 D. PAVLI AD EPHESIOS

165 231 22 62 1.

161 712 20 50 2.

298 192 783 70 Etuos, cum mortui eratis delictis & pecca

250 247 829 64 tis, in quibus uixiſtis iuxta rationem uiuendi

248 295 831 70 mundi huius, ſecũdum inſtinctum principis

250 343 826 72 poreſtatis aeræ, ſpiritum, qui agit modo in¬

250 392 827 73 credulos, inter quos & nos omnes aliquan¬

245 439 832 67 do uerſabamur, indulgẽtes cupiditatibus na

245 489 832 72 turæ noſtræ, & perficientes quæ ferebat arbi

247 537 829 64 trium carnis noſtræ, & cogitationes, quini¬

244 587 827 69 mirum æque acalij, natura iræ Dei, obnoxij

244 645 176 55 eramus.

290 683 787 67 Deus autem diues miſericordia, propter

242 741 834 60 multam dilectionem qua nos dilexit, etiam

242 781 834 72 mortuos delictis, conuiuificauit, una cũ Chri

239 831 838 63 ſto (beneuolentia gratuita ſeruati eſtis) & ſi¬

237 887 837 55 mul excitauit, atq; ſimul collocauit in cæleſti¬

237 930 836 62 bus, inſitos Chriſto Ieſu. Vt oſtẽderet ſæculis

237 980 834 61 futuris, excellentẽ beneuolentiæ illius opu¬

239 1028 799 64 lentiã, benignitate erga nos in Chriſto Ieſu.

284 1081 787 61 Beneuolentia gratuita ſeruati eſtis perfi¬

236 1125 834 63 dem, idq; non ex uobis, Dei donum eſt, non

237 1175 833 69 ex operibus ne quis glorietur. Ipſius enim ſu¬

236 1224 832 65 mus figmentum, conditi in Chriſto leſu, ad

234 1280 834 64 bona opera, quæ Deus præparauit, ut in eis

233 1325 251 56 uerſaremur.

286 1369 784 66 Memores igitur eſtote, quod olim natura

229 1419 836 64 Gentes eratis, præputio impuri uocari abijs,

231 1471 837 64 qui circuncifi, circunciſione manu facta dice¬

228 1517 838 82 bantur, quod, inquam, tum ſine Chriſto era¬

154 1122 24 50 3.

140 1364 39 102 3

949 1563 116 86 tis, &
