1807 2677
609 178 81 71 22

825 172 723 71 AD I. PAVL. AD TIM.

608 236 1057 85 lieno nomine pinguntur, id eſt, homicidas a dul¬

609 304 1059 70 teros, &c. luſto etiam eſt vtilis Lex. primum quia

609 370 1055 71 viam iuſtitiæ inchoanti perfectionem docet & o¬

608 423 1056 78 mnis virtutis eſt noima. Pelagius putauit eate¬

606 480 1061 79 nus Dei verbum & Legem vtilem eſle, quatenus

608 542 1054 72 tantùm eſt liber continens doctrinam morum,

609 600 940 75 contra quem variè diſputauit Auguſtinus.

614 657 1051 79 Exlegibus autem hominibus eſſe poſitam Le¬

609 718 1055 79 gem poteſt videri mirum, ſed verum eſt, quia vt

612 779 1047 71 coerceret hominum rebellionem poſita Lex eſt,

609 835 955 79 & exlegibus poſita eſt, ne mancant exleges.

651 896 1010 66 Hîc autem deſcribuntur gradus nequitiæ: &

606 951 1058 76 primùm fontes ipſi duo, R. bellio, & Cõtumacia

608 1011 1054 76 in Legem, ex quibus riuuli iſti fluunt, duo ſcilicet,

609 1078 1055 62 Impietas ad primam tabulam, & Peccatum, id eſt

609 1130 1052 68 offenſio proximi ad ſecundam tabulam pertinẽs.

611 1186 1050 79 Hæ res paruæ primum, poſtea creſcunt, & diſſo¬

608 1247 1047 75 lutiores fiunt, adeò vt tandem euadant homines,

612 1305 1049 76 Nefarij, id eſt, publicè & nullo pudore peccan¬

609 1365 1049 77 tes, & Profani. Inde infinita genera vitiorum na¬

606 1423 1047 76 ſcuntur, quæ reuocat ad tria genera, Vim Libidi

606 1487 1047 62 nem, Fraudes ſiue furando ſiue mentiendo fiant.

605 1548 1051 71 Decimum verſiculum explicuimus in Ethicis

605 1598 195 79 noſtris.

678 1713 981 92 11 Quæ eſt, ſecundum glorioſum Euã¬

603 1787 1053 100 gelium beati Dei, quod concreditum eſt mihi

633 1888 1023 67 Denique eaſdem quæſtiones inutiles docet

602 1951 1054 71 contrarias eſſe Euangelio ipſi. Commendat

594 2009 1055 68 autem Euangelium nomine, Glorioſi à differen¬

596 2065 1057 75 tia ſcilicet quæ noneſt de ſcriptura, ſed de effe¬

591 2128 1061 90 ctu intelligẽda, Dei ab authore, quem vocat non

1464 2186 177 84 tantùm
