1807 2677
480 172 349 74 CAPVT II.

1122 187 57 68 39

133 247 496 74 dante) explicabuntur.

193 303 993 77 Loquitur autem imprimis Paulus de publicis

135 359 1054 81 Eccleſiæ precibus, nõ de ſingulorum Chriſtiano¬

133 423 1055 78 rum priuatis precationibus, quæ fiunt à quoque

138 478 1051 76 domi & in conclaui. Nec enim has in domibus

135 538 1054 83 ſingulorum fidelium paſtores facere debent: vel

138 605 254 68 ſufficiunt.

156 652 1032 82 Sed primo loco quæſitum eſt. Quot ſint pa¬

136 715 1055 74 ſtoralis curæ & muneris partes, vt intelligatur

141 773 1047 76 quàm rectè & ordine omnia perſequatur Paulus

138 828 1050 82 Reſpondẽt Canoniſtæ eſſe tres. Aſtaria ſiue ba¬

136 895 1058 65 ſilicas totas conſecrare: virginibus benedicere:

138 945 1054 73 Eccleſiaſticos ordines diſtribuere, vt diximus

138 1005 1054 79 ſupra ex canon. Perlectis S Ad Epiſcopum Di¬

138 1064 1054 81 ſtinct. 25. Hæc Euangelici miniſterij definitio

139 1122 1050 82 prorſus inepta eſt, & vana, cùm nihil huic ſimile

139 1182 1052 77 doceat ſcriptura. Quare illi ipſi ſe reuocant, &

141 1244 1047 69 alibi corrigunt, & melius ſapiunt tota diſtinct. 85.

144 1301 1047 76 Nam docent Epiſcoporum munus eſſe vt doceãt

142 1357 1050 75 corripiant, liberales ſint. Priora duo reipſa pars

142 1420 1052 76 ſunt paſtoralis muneris: tertium & poſtremum

141 1476 1053 79 non item, ſed illi cum omnibus Chriſtianis com¬

142 1537 1050 76 mune. in Epiſt. verò ad Hebræos cap.5.verſ.1, 8.

142 1594 1049 68 verſ.3. 9. verſ. 24. dicitur fuiſſe officium Sacerdo¬

142 1655 1050 76 tis offerre, & precari pro populo. Paulus in Epiſt.

141 1714 1060 75 ad Titum 1.verſ.9. inf. cap.4. verſ. 11. 2 Timoth.4.

148 1771 1049 77 verſ. 2. ait, miniſterium Euangelicum poſitum

148 1832 1044 70 eſſe in eo, vt paſtores doceant ſanam doctrinam,

144 1887 1050 77 refutent falſam, denuntient & corripiant ſiue in¬

150 1951 1047 68 crepent aberrantes in Eccleſia. Hîc autem addit

148 2009 1058 73 etiam ad eoſdem paſtores pertinere, vt ipſi precẽ¬

150 2067 1057 68 tur publicè pro tota Eccleſia, & præcipuis illius

151 2128 1049 80 membris. Ratio eſt, I. quia, vt ait Chryſoſtom.

884 2183 121 82 c.iiij.
