1807 2677
608 154 98 73 68

776 142 681 84 AD I. PAVL. AD TIM.

605 206 1057 85 tinet hic locus Pauli, vt Iudaicum illud locorum

605 267 1056 89 diſcrimen ſublatum eſſe per Euangelij prædica¬

605 333 1056 78 tionem intelligamus, & quæ quantáque ſit iam

606 385 1056 87 noſtra per Chriſtum libertas, per quam & loco¬

611 444 1053 85 rum & rituum ſeruitus nobis per Chriſtum adẽ¬

617 516 470 75 pta eſt, cognoſcamus.

681 562 980 80 Neque tamen confuſionem inducit vel inue¬

615 620 1052 83 hit in Eccleſiã Paulus, in qua iubet ipſe vt omnia

620 682 1047 77 τάκτως & ordine fiant, quaſi iam nolit vllum eſſe

617 740 1048 83 communi totius Eccleſię conſilio & delectu con¬

617 798 1050 82 ſtitutum locum, in quem Chriſtiani ad Deum

618 862 1050 79 precandum certo tempore conueniant, ſéque a¬

621 916 1047 80 dunent: ſed vt ſparſi, &, prout quemque feret ani¬

626 972 1044 76 mi impetus, orent ſeparati & diſiecti. Hoc enim

626 1030 1047 86 planè furioſum eſſet, & μανιῶδες: ſed religionem

627 1096 1044 78 propter loca vllam animis noſtris inhęrere vetat

629 1148 1042 84 quaſi locus ipſe ſanctiorem gratiorémque Deo

627 1204 1050 85 noſtram orationem efficiat. Quod ſuperſtitioſi

632 1265 1044 86 homines, id eſt Papiſtæ etiam non hodie putant.

697 1323 982 82 Vnde ex hoc loco votiuæ illæ ad terram ſan¬

635 1381 1042 86 ctam, & alia quædam Martyrum loca peregri¬

633 1447 1049 77 nationes & precationes meritò dãnantur, quæ ea

638 1499 1042 80 de cauſa ſuſcipiũtur à ſuperſtitioſis, quòd neſcio

638 1558 1044 82 quid maioris ſanctitatis in illis locis, & ipſi quam

638 1613 1045 79 Dominus pedibus ſuis calcauit, terræ ineſſe iudi¬

639 1674 1044 82 cant. Quod falſiſsimum eſt. Si qua enim hodie

641 1729 1044 83 eſt terra maledicta, eſt Iudæa: & huiuſmodi co¬

642 1789 1047 84 gitatio plena eſt idololatriæ & blaſphemiæ. Nec

638 1851 1050 76 iuuantur huiuſmodi ſuperſtitioſi homines exem¬

646 1905 1043 87 plo Naamani Syri, qui, vt eſt 2.Reg.5.terræ ipſius

642 1967 1046 83 ſanctæ glebas quaſdam & onera ſecum apporta¬

642 2027 1050 75 uit. Illo enim tempore cæremoniæ locum adhuc

643 2077 1049 119 habebant, & extra terram à ſe delectam ſibi ſa¬

1500 2138 198 86 crificari
