1807 2677
423 184 336 73 CAPVT II.

1084 187 61 68 61

93 245 1047 83 ille Chriſti agni immolati longè eſt maioris pre¬

98 312 1050 70 tij, & effectus, quàm vitulorũ & hircorum omniũ

98 368 1047 82 ſanguis. Eſt enim ille agni immolati ſanguis, o¬

101 429 1045 73 mni auro lapidéque pretioſo æſtimabilior &

101 487 1048 76 potior, vt eſt Hebr. 9.verſ. 12.1.Pet.1.verſ.19. &

102 547 1049 73 verè plena & æqualis noſtro peccato & debito

101 600 1048 73 ſatisfactio & pretium 1.Corinth.1.verſ.3o. Vnde

102 661 1053 72 non tantùm λύτρον: ſed ἀντίλυτρον dicitur, quod

101 721 1053 67 Latini dicunt cõtra auro venire, id eſt, iuſtum, &

102 777 1050 70 æquale rei ipſi pretium eſſe. Ex quo diluitur illa

99 837 1055 76 curioſorum hominum diſputatio, Vtrum fuerit

104 896 1048 79 pœna, quam pro nobis Chriſtus pertulit, æ qualis

105 957 1047 73 peccatis noſtris, vt peccata ex merito Chriſti de¬

107 1012 1045 75 leantur. Fuit enim, vt hîc docet Paulus, æquiua¬

105 1072 1046 76 lens, id eſt, æquata ipſi peccatorum noſtrorum

105 1128 1046 78 fœtori apud Deum, & planè ſatisfactoria pœna

107 1188 694 73 Chriſti perpeſsio & obedientia.

166 1246 985 77 Secundo verò loco notandum eſt, Nullam a¬

108 1307 1044 73 liam ſatisfaciendi diuinæ iuſtitiæ pro peccatis

108 1363 1043 75 noſtris rationem eſſe à Deo conſtitutam, illíque

110 1424 1045 78 gratam & acceptam præter ſanguinẽ vnius Chri¬

108 1485 1044 73 ſti. ltaque nec opera quæ vocant bona: nec cære¬

107 1540 1047 78 moniæ, nec vllius alicuius rei, quantunuis pretio¬

107 1600 1048 70 ſæ, donatio, aut ratio poteſt pars eſſe ſatisfactio¬

108 1659 1046 75 nis noſtræ coram Deo, que in ſolidũ in vna Chri¬

110 1717 1042 73 ſti morte quærenda nobis eſt. Sed nec ex par¬

113 1772 1041 76 te tantùm Chriſtus ſatisfecit, veluti vt deleat ea

108 1836 1044 72 tantùm peccata, quæ dicuntur venialia: aut quæ

110 1893 1044 74 ante Baptiſmum commiſimus, nobiſque noce¬

110 1951 785 76 bant: ſed etiam expungit, & redemit:

169 2009 983 74 Addit Paulus τὸ μαρτύριον καιροῖς ἰδίοις. Hæc a¬

110 2068 1042 75 brupta videtur eſſe oratio, itaque obſcurum ha¬

111 2129 1038 89 bet ſenſum, & diuerſas interpretationes. Alij e¬
