1807 2677
636 150 128 77 66

798 142 717 79 AD I. PAVL. AD TIM.

632 205 1050 90 nrofani ſenſerunt vti Heſiod. lib.1. ἔργ. καὶ ἠμερ. &

632 266 1009 84 Plato, & ex Platone M. Tull.lib.2. de Legibus.

690 337 995 67 Videtur etiam hæc ſanctitas, quæ vera eſt, hîc

632 383 1053 89 eſſe oppoſita à Paulo omnibus illis externis riti¬

633 449 1050 81 bus, lotionibus, & carnalibus purgationibus, quæ

636 505 1050 85 veteri Dei lege hominibus templum ingreſſuris

641 563 1044 91 præcipiebantur, de quibus agit Apoſtol. ad Heb.

641 623 1042 86 9. verſ 1o. & Moſes Leuitici cap. 6. 13.15. 16.19.

638 682 1047 82 quibus ingens etiam cumulus à Phariſæis additus

636 745 1049 81 erat poſtea per δευτερώσεις, vt apparet Mar.7.V.4.

642 800 1048 89 Quæ lotìones antiquæ à Deo prę̧ceptæ veræ qui¬

641 858 1049 84 dem animi vitæque ſanctitatis ſigna erant & fi¬

641 922 1051 80 guræ: earum tamen implementum & corpus in

642 980 1050 80 Chriſto habetur & confertur. Quanquam verò

639 1035 1054 84 de publicis precibus hîc agit Paulus: in priuatis

641 1096 1049 80 tamen eundem animum ſanctum & purum re¬

642 1151 1053 83 quiri certiſſimum eſt, & oſtendit Chriſtus. Matt.

643 1210 1052 86 5.verſ.24. Eſt in canon. Nihil. & canon. Non me¬

643 1270 1052 86 diocriter, quod eſt dictum Hieronym. De con¬

643 1338 377 70 ſecrat. diſtinct.5

699 1383 1002 89 Certâ verò animi fiduciâ, quæ in gratuitis Dei

646 1445 1055 82 promiſſionibus acquieſcat, orandum eſſe, docet

633 1502 1063 86 & Chriſtus ipſe Ioan.4.v.23, & Iac.1.v.6. & Pau¬

643 1566 1058 77 lus Romanor. 1o.verſ.14. quia vera precatio &

642 1619 1054 83 Dei inuocatio eſt fidei effectus: quæ cum animi

643 1687 650 82 hæſitatione prorſus pugnat.

703 1738 999 86 Quæ poſtea de certo quodam ieiunio, de lotio¬

645 1796 1057 80 ne manuum addita ſunt à Patribus, de quibus hîc

651 1854 1051 79 Chryſoſt. Hom. 7 vbi quoſdam ſollicitos fuiſſe

645 1915 1062 77 notat de huiuſmodi rebus: non modò legales, ſed

646 1978 1059 74 etiam Ethnicorum cæremonias, aut potius ſuper¬

645 2037 1059 79 ſtitiones reponunt nobis, & redolent, etſi ani¬

645 2092 1057 100 mus ſobrius longè ardentiùs Deum precatur,

1566 2153 141 86 quàm
