1807 2677
458 172 324 77 CAPVT I.

1130 179 43 66 23

135 230 1051 95 tantùm benedictum, ſed beatum. Definit deni¬

138 300 1048 83 que illud Euangelium eſſe eam doctrinam, quæ

136 359 1046 93 ab ipſo & collegis prædicatur Chriſti mandato.

138 419 1047 83 Itaque videri poteſt argumentum ab enumera¬

139 475 1050 90 tione partium ſcripturæ ſumptum. Habet enim

141 536 1045 91 Legem & Euangelium, cui vtrique hæ quæſtio¬

139 597 1050 88 nes inutiles repugnant. Opponit igitur Euange¬

139 652 1052 90 lium Dei iſti Matæologiæ, quam & à Lege & ab

139 713 1055 88 Euangelio damnari docet. Quo ipſo demonſtrat

144 773 1051 85 Paulus conſentire inter ſe vtranque doctrinam

147 831 1050 88 contra Manichæos. Sanam quoque doctrinam

142 886 1058 89 hãc vocat, quia æd’ficat ad pietatẽ. Denique Deũ

144 948 1056 82 illius authorem μακάριον dicit & quòd in ſe felix

141 1000 1057 88 ſit & beatus, & quòd aliis felicitatẽ donet & affe¬

144 1060 1057 88 rat. Benedictum alibi vocat eadẽ ſcriprura Deũ

145 1121 1055 89 id eſt dignum omni laude & inuocatione. Paulus

145 1182 1050 88 autem appellat hoc idem Euangeliũ 2 Timot 2.

147 1238 1050 93 verſ. 8.ſuum Euangelium, id eſt, quod ipſi credi¬

150 1305 764 82 tum erat, non cuius ipſe ſit author.

214 1411 989 97 12 Gratiam igitur ei habeo, qui me ro¬

148 1487 1053 102 bustum effecit, id eſt, Christo Ieſu Domino

150 1567 1057 97 noſtro, quod me fidelem duxerit, vt qui me

153 1640 641 80 in miniſterio constituerit.

153 1702 1056 90 E’'κβασις ſiue digreſſio ex iniecta mentione ſui mi¬

153 1766 1057 87 niſterii & Apoſtolatus, quem tuetur & commẽ¬

154 1827 1058 85 dat hoc loco. Cur autem excurrat Paulus duplex

154 1884 1055 91 ratio eſt. Prima, vt hæc ſit hypophora contra ca¬

157 1945 1061 82 lumnias, quas inuidi homines illi obiiciebant

162 2004 1053 88 propter ſuperiorem vitam. Quomodo enim vi¬

162 2065 1056 84 deri poteſt Euangelij præco, qui tam atrociter il¬

163 2120 1056 100 lud antea fuit inſectatus. Captatas autem fuiſſe

895 2178 132 88 b.iiij.
