1807 2677
452.0 196.0 305.0 71.0 CAPVT I.

1102.0 209.0 50.0 61.0 11

95.0 258.0 1059.0 82.0 li duxiſſe vidẽtur ſuum illud Mot & Latinè Mu¬

96.0 324.0 1056.0 76.0 tire, eſt vox aliquid ſignificans hominis ore e¬

101.0 380.0 1056.0 84.0 greſſa & prolata, & generalis illius ſignificatio eſt

98.0 444.0 1056.0 70.0 & acceptio. Sermonem enim quemlibet notat

98.0 499.0 1057.0 78.0 etiã apud Homerum vox Μῦθος. Iubet igitur ſo¬

98.0 557.0 1056.0 81.0 briè potius eas delibare Paulus, quàm ijs inhære¬

95.0 618.0 1059.0 69.0 re & immorari. Ait enim Ne attendant. Nam

99.0 675.0 1052.0 79.0 quaſdam tradit etiam Dei verbum nec inanes,

93.0 736.0 1058.0 71.0 nec infructuoſas: nec tantùm vetus teſtamentum,

93.0 791.0 1059.0 77.0 ſed etiam nouum, vti Genealogiã Chriſti ipſius.

95.0 852.0 1059.0 74.0 Id quod fit ad fidei noſtræ confirmationem, &

95.0 911.0 1059.0 79.0 vere humanitatis Chriſti approbationẽ, in quibus

98.0 974.0 1059.0 71.0 eatenus nobis verſari licet quatenus & modum

93.0 1029.0 1059.0 78.0 teneamus, & ſcopum à Spiritu ſancto propoſitũ

93.0 1088.0 1059.0 76.0 non tranſiliamus. Sic fecerunt quoque Patres, vt

90.0 1145.0 1058.0 80.0 Auguſtinus lib 2.3.7. contra Fauſtum, & lib.2. de

95.0 1203.0 547.0 67.0 Conſenſ. Euangeliſt.

148.0 1262.0 997.0 80.0 Hæ diſputationes & inueſtigationes nimiæ, vi¬

92.0 1320.0 1051.0 82.0 dentur ex eo cepiſſe, quod ante Chriſtum & ſub

92.0 1378.0 1053.0 83.0 lege ſtudioſè inter Iudæos cuiuſque familiæ deſ¬

89.0 1441.0 1056.0 77.0 criptio fiebat & tum publicis archiuis, tum pri¬

87.0 1503.0 1059.0 76.0 uatis monimentis religioſè & diligenter ſeruaba¬

87.0 1558.0 1055.0 76.0 tur, adeò vt reiecti ſint & expulſi ex ſacrificato¬

84.0 1621.0 1055.0 71.0 rum numero qui ſuam Genealogiam oſtendere

86.0 1676.0 1054.0 80.0 non poſſent. Num. 1.verſ.18, & Nehem. 7. V.62.

86.0 1731.0 1054.0 84.0 Igitur iuſſi ſunt eas habere tum in archiuis publi¬

87.0 1792.0 1050.0 80.0 cis tum priuatis ſcriniis Iudæi Numer. 25.verſ.5.

83.0 1851.0 1059.0 79.0 adeò vt Prophetæ ipſi libros totos de ijs edide¬

83.0 1912.0 1056.0 77.0 rint vt eſt 2 Chron. 12. verſ. 15. Sed in eo ratio di¬

81.0 1969.0 1056.0 81.0 uerſa fuit illis & nobis, illi expectabant Chriſtum

81.0 2033.0 1064.0 77.0 ex vna quadam & certa ſuæ gentis familia, & ge¬

81.0 2094.0 1055.0 69.0 nere naſciturum, non ex quauis tribu. Idcirco di¬

78.0 2143.0 1052.0 102.0 ſtinctio familiarum diligenter retinenda ab ijs
