1807 2677
986.0 156.0 379.0 62.0 EPISTOLA.

636.0 220.0 1043.0 77.0 municati dicuntur, cum eadem Eccleſia¬

633.0 294.0 1038.0 77.0 reconciliationẽ. Cùm igitur de hoc quæ¬

635.0 359.0 1038.0 78.0 rimus, vtrũ omniũ horũ capitũ ſingula ſic

636.0 425.0 1041.0 79.0 præcepta tradita ſint, vt his nihil addi

638.0 493.0 1036.0 84.0 poſſit, reſpondeo, in quaque re quædam

633.0 560.0 1040.0 85.0 eſſe οὐσιώδη, quædam verò συμβεβηκότα.

632.0 633.0 1038.0 77.0 Sunt οὐσιώδη id eſt eſſentialia, quæ rei ip¬

629.0 703.0 1047.0 76.0 ſius vel tota natura ſunt, aut illius pars: ve

629.0 770.0 1051.0 83.0 Iuti in hoc ipſo argumento, Si quis neget

629.0 840.0 1045.0 79.0 in paſtorum aut eligendorum vocatione

627.0 905.0 1047.0 73.0 Iegitima eorum vitam & doctrinam exa¬

624.0 969.0 1041.0 86.0 minandam, vel approbationem à populo

626.0 1041.0 1047.0 83.0 expectandam eſſe, ille ea negat, quæ ſunt

624.0 1109.0 1050.0 77.0 Electionis legitimæ οὐσιώδη. Si quis item

626.0 1171.0 1050.0 85.0 hoc examen non ab Eccleſia, non à pluri

626.0 1247.0 1050.0 81.0 bus, ſed ab vno quopiam ſolo fieri & me¬

626.0 1316.0 1042.0 79.0 ro vnius arbitratu ſtare debere doceat, is

623.0 1380.0 1053.0 75.0 οὐσιώδη electionis tollit. Sed ſi quis hoc vel

624.0 1451.0 1047.0 80.0 illo loco, hoc vel illo tẽpore, hoc vel illo

623.0 1519.0 1045.0 78.0 modo examẽ à plurib. fieri debere diſpu¬

626.0 1589.0 1045.0 81.0 tet, is περί συμβεβηκότων tantũ diſputat, ve¬

626.0 1659.0 1047.0 70.0 luti, exẽpli gratia vetus electio & examen

629.0 1725.0 1045.0 79.0 paſtorũ olim à tribus vicinioribus epiſco¬

630.0 1796.0 1043.0 79.0 pis ſeu paſtoribus cõuocatis cũ presbyte¬

626.0 1860.0 1051.0 80.0 rio & Eccleſia (cui dãdus erat Paſtor) fie¬

624.0 1928.0 1050.0 78.0 bat: itẽ in metropolitana tantũ vrbe, certo

629.0 1997.0 1047.0 85.0 tẽpore, nẽpe ieiunii publici tempore. De¬

632.0 2067.0 1039.0 99.0 nique manuũ eleuatione (quæ χειροτονία

1533.0 2138.0 199.0 80.0 dice.
