1807 2677
486 154 370 70 CAPVT II.

1143 166 43 79 55

144 220 782 80 nibus pares & ſimiles naturâ ſumus.

202 287 990 66 Alij ſic explicant, vt vocem omnes coniungẽ¬

147 345 1047 71 dam eſſe doceãt cum eo quod ſequitur ad verita¬

144 406 1048 72 tis agnitionem peruenire, quaſi non vniuerſaliter

144 465 1051 67 neque tam latè ſit accipienda quàm ſonat: ſed ex

144 520 1048 71 ſequenti illa ſententia reſtringenda, vt ii tantùm

142 581 1050 62 intelligantur comprehendi, qui credunt, vel cre¬

144 639 1045 76 dituri ſunt Euangelio. Conſir matur ex Matth.14

148 700 243 74 verſ.35.36.

212 754 979 75 Tertia interpretatio eſt eorum qui volunt o¬

144 812 1050 69 mnes ſaluos fieri à Deo qui ſalui fiunt: quaſi hîc

142 871 1053 74 non definiatur, qui ſalui futuri ſint: ſed à quo ſal¬

144 933 1051 76 ui fiant, qui ſaluantur. Sic nonnunquam explicat

147 1002 285 67 Auguſtinus.

211 1045 983 74 Verior autem ſententia & iuſtior, meo quidem

144 1106 1051 74 iudicio, interpretatio eſt hæc, vt vox omnes tol¬

142 1163 1052 74 lat diſcrimen ordinum, nationũ, ſexuum & huiuſ¬

142 1225 1047 67 modi rerum, quæ inter homines percipiuntur.

145 1281 1044 75 Ex omni enim hominũ genere, ſexu, ætate, Deus

147 1339 1044 75 aliquos ad ſe per Euangeliũ vocat. Itaq; non pro

144 1405 1047 68 ſingulis generum accipitur, ſed pro generibus

144 1457 1048 74 ſingulorum vt loquuntur in Scholis, id eſt, non

150 1521 956 68 pro perſonis, ſed pro hominum generibus.

196 1577 992 70 Duplex eſt enim huius vocis ſignificatio. Sæpe

142 1638 1047 69 enim ita dicimus omnes, vt ſingulos complecta¬

142 1696 1049 69 mur: ſæpe verò, vt quoſuis, non autem ſingulos.

142 1750 1047 71 Sic dicitur Chriſtus ſanaſſe πάντα νόσον, id eſt, quẽ¬

145 1811 1050 68 uis morbum. Matt. 9.v.35. Sic Paulus in 2. Theſſ.

145 1872 1049 61 1.V.3. coniungit ἕκαστον cum voce πἀντων. Et hanc

148 1928 1046 75 eſſe duplicem huius vocis ſignificationem pri¬

153 1986 1041 81 mus obſeruauit Ariſtoreles lib. 2. πολιτικ opri¬

154 2044 861 84 mus Græcæ linguæ author & interpres.

878 2114 136 72 d.iiij.
