1807 2677
660 182 89 69 26

838 178 704 76 AD I. PAVL. AD TIM.

651 242 1053 92 melias omnes coniungens. Mirum Dei opus in

651 309 1050 80 Paulo vocando, vt de multis perſecutoribus ver¬

651 362 1048 88 bi Dei non ſit hodie deſperandum. Opponit au¬

649 426 1055 76 tem Dei mifericordiam, per quam non tantùm

652 487 1050 70 veniam ſuperiorum vitiorum conſequurus eſt,

649 544 1056 79 ſed etiam pulcherrimam illam ad Apoſtolatum

652 603 1053 78 vocationẽ adeptus, omnibus ſuis ſceleribus ne fu¬

651 663 1051 79 turis operibus vel quæ Deus poſt Pauli voca¬

649 721 1056 79 tionem edenda ab eo præuiderat, electionis huius

651 794 422 62 cauſam tribuamus.

707 832 997 90 Addit tamen rationem, quia feci, & ignorãs &

652 898 1050 80 ἐν ἀπιςτίᾳ. id eſt, carens fide & cognitione. Non

649 963 1052 76 tantùm igitur docet ſe ignarum fuiſſe prius: ſed

649 1015 1047 82 ſe de fide & verbo Euangelij quicquam antea

648 1070 1057 88 audiiſſe vel fuiſſe edoctũ negat. Hîc igitur ἀπιςτία

649 1133 1047 85 eſt ſpecies ignorantiæ, quæ eſt maximè excuſa¬

651 1192 1051 79 bilis, quum quis non ignorat ea, de quibus obla¬

648 1249 1054 82 ta illi eſt cognitio: ſed de quibus nunquam audi¬

651 1314 1053 75 uit. Ergo ἀπιςτία non eſt hoc loco infidelitas &

649 1365 1049 86 incredulitas cum quadam malitia & animi obſti¬

649 1429 1056 79 natione coniuncta: ſed ſimplex & præcedenti

652 1487 1049 80 verbi Domini prædicatione carens. Vnde quæſi¬

649 1545 1056 84 tum eſt vtrum ignorantia excuſet peccatores à

651 1606 1051 81 peccato. Quidam diſtingunt inter ignorantiam

651 1658 1044 89 Simplicem & Malitioſam. Alij inter ea quæ i¬

652 1728 1050 74 gnorantur. Aut enim ſunt vt illi aiunt, præcepta

654 1780 1053 84 pertinentia ad Primam Legis tabulam, aut ad Se¬

654 1839 1047 79 cundam. Illa ignorare non conceditur, vt volunt.

654 1894 1051 84 Hæc autem licet, quæ ſunt Secundæ tabulæ. Reſ.

655 1958 1041 82 Ignorantia excuſat non à toto: ſed à tanto Rom.

655 2013 1052 78 2.verſ. 12. Nam ſi cæcus cæcum duxerit ambo in

654 2068 1056 91 foueam cadent: & qui ducit, & ipſe qui ducitur.

657 2129 1051 97 vt eſt Mat th. i5, & apparet, Geneſ. 2o. verſ.5 &7.

1582 2189 129 81 Hinc
