1807 2677
469.0 217.0 448.0 64.0 EPISTOLA.

162.0 270.0 1048.0 86.0 Iniuriis contra leges patrias, morémque

156.0 336.0 1051.0 89.0 maiorum illatis tandiu ſunt defenſæ: de¬

160.0 417.0 1052.0 70.0 nique cùm tua ſit hodie in orbe terrarum

153.0 480.0 1059.0 83.0 gloria, tantáque rerum pro Dei gloria aſ¬

151.0 547.0 1059.0 82.0 ſerenda geſtarum laus, vt parem tibi tám¬

157.0 615.0 1052.0 83.0 que conſtantem principem nulla adhuc

153.0 681.0 1053.0 86.0 hominũ ætas viderit. Tu Prouinciam ti¬

153.0 749.0 1071.0 88.0 bi commiſſam ab Hiſpanorum ac extra¬

144.0 819.0 1066.0 86.0 neorum tyrannide eripuiſti, tu Belgium

151.0 887.0 1056.0 88.0 inteſtinis morbis profligatum ac iam de¬

160.0 956.0 1046.0 85.0 ploratum inexpectata ratione & medici¬

159.0 1027.0 1047.0 73.0 na ſanaſti, ac in iura maiorum priſtinúm¬

162.0 1087.0 1042.0 80.0 que ſplendorem reſtituiſti. Tu hoſtibus

157.0 1161.0 1043.0 77.0 iò triumphum iam canent ibus fugam in¬

157.0 1228.0 1047.0 79.0 ieciſti, & victor ipſe triumphatórque

159.0 1290.0 1044.0 87.0 Chriſti vexilla præferens rediiſti, Tu pie¬

154.0 1363.0 1052.0 81.0 tatis aſſertor, tu Iuſtitiæ publicæque ſalu¬

153.0 1433.0 1053.0 76.0 tis vindex fortiſſimus ore omnium mor¬

151.0 1499.0 1055.0 80.0 talium celebraris, adeò quidem, vt qui tã¬

147.0 1567.0 1060.0 80.0 ta, támque præclara & pro Domini no¬

150.0 1634.0 1057.0 83.0 ſtri Ieſu Chriſti regno amplificando &

153.0 1707.0 1053.0 80.0 pro patria libertate tutãda bene geris, tu

153.0 1774.0 1042.0 79.0 quoq; bene inter omnes mortales mere¬

150.0 1842.0 1059.0 85.0 ris audire Βροτοῖς γὰρ vt ait Eurip. χρηστὰ πρα¬

153.0 1909.0 1044.0 80.0 γματα τα Χρηστῶν ἀφορμὰς ἐνδιδωσ᾽ ἀεί λογων.

148.0 1979.0 1055.0 76.0 Ego vero Princeps Clemẽtiſſ. cùm tot ad¬

148.0 2050.0 1053.0 66.0 mirandas virtutes tuas commendari vbi¬

151.0 2116.0 1052.0 94.0 que gentium intelligam, & hoc quoque
