1807 2677
657 160 62 76 32

847 149 685 78 AD I. PAVL. AD TIM.

648 212 1054 92 quæ quemadmodũ. ait id I Corinth 2. ſapientia

646 276 1052 88 repugnat & aduerſatur mundi & hominum ſa¬

649 339 1053 80 pientiæ, vt ſi quid in ipſius operibus non cõpre¬

649 394 1050 86 hendimus, obmuteſcamus, & Dei conſilium im¬

648 456 1053 83 menſum adoremus, non autem in temperie qua¬

649 510 1050 85 dam animi agitati obſtrepamus Deo, quod mul¬

651 580 243 71 ti faciunt.

691 626 1008 81 Soli) Quæſitum eſt vtrum hæc vox ad Deum,

649 684 1057 85 an ad vocabulum ſapienti ſit referenda: quaſi hîc

649 745 1053 80 Deus vel ſolus Sapiens, vel ſolus Deus appelletur

653 812 1051 71 qui eſt æternus, immortalis, inuiſibilis. Variæ

651 867 1055 81 ſunt interpretationes. Ego verò potius exiſtima¬

651 923 1055 76 uerim illud coniungendum eſſe cum proxima

653 988 1053 71 voce, Sapienti. Hîc enim miram Dei ſapientiam

653 1039 1053 89 prædicat Paulus, quæ nulli homini ſatis nota eſſe

653 1106 1060 85 poteſt, per quam è miſerrimis & deſperatiſſimis

653 1155 1051 94 peccatoribus, & Euangelij perſecutoribus præ¬

653 1215 1053 81 cones, paſtoréſque Eccleſiæ ſuæ facit mutans eos

651 1273 1057 90 mira ſua potentia & virtute, vt ex lupis ſæuiſſimis

653 1334 678 78 fiant oues placidiſſimæ Iſai.11.

709 1387 1004 87 Honorem autem & gloriam tribuit Deo. Ali¬

655 1447 1056 83 bi alia quoque tribuuntur, vti in Epiſt. Iudæ in

653 1519 1058 69 fine & 2. Petri 3.verſ.18. quæ duo videntur ita ſe¬

662 1574 1053 81 parari & diſtingui poſſe, vt τιμὴ ſit ipſius maie¬

658 1628 1050 76 ſtatis Dei excellentia, ſplendor, admiratio, &

655 1688 1051 76 virtus: δοξα verò illius tantæ virtutis prædicatio,

653 1744 1053 87 præconium, & celebratio, quæ fit ore hominum,

660 1809 1055 78 vel Angelorum. Prius enim Dei maieſtas agno¬

655 1864 647 83 ſcenda eſt, poſt prædicanda.

713 1920 998 76 Quæritur autem. Vtrum hæc de ſolo Patre, an

653 1985 1055 71 etiam de Filio dicantur, & de Spiritu ſancto, quia

660 2047 1062 74 Arriani ad ſolum Patrem hæc per tinere vo¬

660 2096 1055 103 lunt, quem vnum propriè quoque contendunt

1615 2175 98 69 eſſe
