1807 2677
450 185 359 75 CAPVT. II.

1097 203 66 78 79

171 249 997 84 Præterea hæc ipſa præcepta nõ ad ſolas mulie¬

117 315 1053 83 res, quæ virginitatẽ vouẽt inter Papiſtas, & Non¬

117 374 1051 82 næ dicuntur, pertinent: ſed ad omnes & coniu¬

120 432 1048 82 gatas & celibes, & viduas, quemadmodum præ¬

117 487 1048 84 clarè hoc loco docet Chryſoſto. & Gregor. Na¬

117 545 1047 85 zianzenus in lib. περὶ γυυαικῶν κεκαλωπισμένων. Nam

118 608 1047 79 tempore Pauli nondum erant monaſteria, nec i¬

113 669 1048 74 ſtæ virgines Veſtales & Nonnæ viſæ & natæ. Hæ

118 725 1043 78 enim cultus diuini corruptelæ ſub Vitaliano Põ¬

116 783 1047 76 tifice Romano maximè receptæ & probatæ vi¬

116 843 1048 80 dentur, ſub quo tria hæc tanquam venena Chri¬

113 899 1048 84 ſtianæ pietatis præſentiſſima nata ſunt, & conſti¬

111 959 1052 82 tuta, Monachorum cœnobia erecta, Reges in

110 1014 1050 88 Monachos detonſi, Scortatio quotidiana in ſta¬

113 1076 551 70 tum ſanctum canonizata.

174 1130 981 85 Quæſitum verò eſt de primarijs mulieribus

114 1189 1041 85 veluti reginis, principiſſis, duchiſſis & huiuſmodi

111 1247 1044 84 aliis primariis fœminis, vtrum ad eas quoque

111 1308 1046 85 hæc præcepta ſint extendenda. Reſpond. Etſi di¬

110 1365 1045 86 ſcrimen perſonarum etiam in Dei Eccleſia ha¬

110 1426 1042 77 bendum eſt, omnia tamen etiam in illis, ſi modu

107 1481 1047 86 ſunt Chriſtianæ, ad modeſtiam, & pudicitiam

111 1543 1041 85 compoſita eſſe debent, quanquam illis multa cõ¬

113 1600 1033 87 cedi & poſſunt & debent pro ratione dignitatis,

108 1659 1041 84 quæ aliis priuatis & priuatorum mulieribus non

105 1717 1047 79 ſunt permittenda. Nam & Solomonis vxoris cul¬

107 1778 1042 86 tus ſumptuoſus ille quidem & magnificus deſ¬

105 1835 643 80 cribitur laudatúrque Pſal. 45.

159 1893 987 82 Denique hæc eadem præcepta locum habent

104 1952 1042 84 in mulieribus, etiam cùm domi ſunt, non tantùm

105 2013 1044 79 cùm prodeunt in publicum, & conueniunt in cœ¬

102 2068 1044 88 tu Eccleſiæ. Perſtringit autem Paulus breuiter o¬

101 2137 1042 92 mnem eum ornatum aſcititium, qui eſt vel In i¬
