1807 2677
620 166 80 79 70

801 151 698 75 AD I. PAVL. AD TIM.

608 215 1059 88 quæ concurrebant, tanquam auguſtiora quædam

602 275 1066 86 loca, quòd illîc Martyrũ, quorũ fides Deo accepta

606 333 1062 89 fuerat, oſſa iacerent. Sic Monica mater Auguſtini

605 394 1062 87 ex Affrica Mediolanum quotannis pergebat ad

614 450 1048 88 Geruaſij & Protaſij Martyrum ſepulchra, quę tẽ¬

608 513 1054 84 pore Ambroſii Epiſcopi eruta fuerant. Nec ta¬

609 571 1053 83 men oſſibus & cadaueri ipſorum Martyrum

606 627 1058 91 hic honos tribuebatur primùm, ſed ipſi defun¬

611 690 1048 86 ctorum tantùm fidei: peccatum eſt in eo tamen,

612 746 1049 88 quia extra verbũ Dei id fiebat. Quod ipſum etiã

608 804 1054 86 iam quibuſdam in Eccleſia bonis viris diſplicuit,

611 864 1051 86 & Ærius extitit Cõſtantini Magni ſeculo, qui o¬

608 925 1050 83 mnia illa & meritò quidem damnauit, quanquã

611 986 1051 83 ipſe, quòd iam communi errore hæc recepta erãt,

609 1045 1055 80 tanquã hæreticus propterea habitus eſt. Facit e¬

611 1112 1050 71 nim communis & receptus iam inter omnes er¬

608 1155 1059 85 ror ius & confirmationẽ vt ſcribunt Iuriſconſulti

608 1213 1057 91 in L Barbarius D. de off. Prætor. Item Vigilan¬

609 1279 1053 80 tius tempore Hieronymi extitit, qui hoc totum

609 1332 1053 88 ſuperſtitioſi cultus genus in reliquijs ſanctorum

612 1390 1050 85 colendis apertè idololatricum eſſe probauit. Er¬

606 1455 1049 84 ror tamen obtinuit tum negligentiâ paſtorum,

611 1513 1057 82 tum quia homines ſuis commentis potius, quàm

609 1567 1052 80 ex verbo cœleſti Deũ adorare cupiunt. Inde fu¬

611 1629 1050 82 rioſa ædificatio templorum conſequuta, quæ in

612 1690 1046 79 diuorum honorem facta ſunt, poſt annum præ¬

611 1744 1048 79 ſertim 6oo. à Chriſto paſſo ſub luſtiniano impe¬

608 1802 1051 85 ratore Conſtantinopol. homine ijs ſuperſtitio¬

609 1859 1052 86 nibus inſanè addicto, vt apparet ex Procopij lib.

609 1918 1046 76 de ædificiis Iuſtinia. Et poſt eorum ædificationẽ,

606 1978 1053 83 eámque etiam ſumptuoſam & magnificam reli¬

608 2036 1053 86 gio & veneratio iis addita eſt, poſt deinde ipſe

603 2095 1055 109 cultus Dei ijs concluſus, aut alligatus, vt nolla

1530 2147 128 92 ſacra
