1807 2677
666 163 85 76 78

844 148 707 85 AD I. PAVL. AD TIM.

658 215 1049 95 do:ſed de marito rege, eóque infideli demulcen

660 282 1048 82 do: item de caſtris infidelium ingrediendis. Nec

658 340 1047 85 hoc ipſum exemplum ſatis eſt tutum imitari. Ob¬

663 400 1048 81 ſtare etiam videtur cap. 24.Geneſ.verſ.47. vbi

663 458 1045 81 annuli & ar millæ dantur Rebeccæ ſponſæ Iſaaci

663 516 1044 89 Reſp. Non ad laſciuum ornatum, ſed vt eſſet pi¬

667 577 1046 87 gnus futuri coniugij, iſta Rebeccæ fuiſſe & miſſa

666 646 538 72 ab Abrahamo & donata.

718 691 992 80 Certum autem eſt, etſi de mulieribus Chriſtia¬

660 759 1050 81 nis agatur hoc loco: hæc tamen præcepta etiam

664 813 1047 83 pertinere ad viros Chriſtianos, quibus eò tur¬

666 870 1045 87 piùs eſt comi laſciuè, ſumptuoſè & diſſolutè or¬

664 929 1050 85 nari quòd ſunt viri & mares. Nam etiam Ethnici

666 997 452 67 homines ſic docent.

721 1052 993 76 Sint procul à nobis iuuenes vt fœmina compti

804 1107 820 70 Fine coli modico forma virilis amat.

664 1163 1050 84 & M. T.lib.1. De off.ſic. Cùm autẽ pulchritudinis

666 1223 1048 84 duo genera ſint, quorum in altero venuſtas ſit: in

666 1283 1050 79 altero dignitas: venuſtatem muliebrem dicere

669 1341 1047 77 debemus: dignitatem virilem. Ergo & à for ma

667 1403 1049 81 remoueatur omnis viro non dignus ornatus: &

670 1458 1000 78 huic ſimile vitium in geſtu motuque caueatur.

728 1516 986 82 Et paulò poſt. Adhibenda eſt præterea mun¬

669 1576 1047 74 ditia non odioſa, neque exquiſita nimis: tantùm

672 1635 1044 84 quæ fogiat agreſtem & inhumanam negligentiã.

672 1693 1047 82 Hęc ille. Patres etiam ſcriptoréſque Eccleſiaſtici

672 1756 1047 71 veluti Tertullian. in lib. de Habitu mulierum &

670 1811 1050 80 Cyprian. in lib. de Cultu virginum nobiſcum fa¬

670 1870 1053 81 ciunt, qui hæc præcepta ad viros perſpicuè refe¬

669 1927 1050 80 runt. Idem in concilio Gangrenſi cap.21. & eſt in

669 1988 1053 71 canon Parſimoniam diſtinct. 41. ne res noua aut

670 2044 1050 79 nullius momenti eſſe cenſeatur. Idem etiam ſta¬

670 2105 882 96 tutum eſt aliis ſynodis veluti Laodicena.

1546 2159 176 86 Prætet¬
