1807 2677
147.0 550.0 198.0 112.0 IN

470.0 530.0 683.0 101.0 D. PAVLI

411.0 636.0 531.0 82.0 APOSTOLI

374.0 724.0 612.0 98.0 priorem ad Timotheum

508.0 806.0 311.0 101.0 E pistolam.

367.0 935.0 584.0 71.0 L. Danæi Commentarius.

389.0 1002.0 558.0 77.0 CAP. PRIMVM.

428.0 1078.0 758.0 93.0 AVLUS Apoſtolus Ieſu

408.0 1154.0 780.0 86.0 Chriſti ex ordinatione Dei ſer¬

434.0 1226.0 755.0 84.0 uatoris noſtri, & Domini Ieſu

461.0 1292.0 449.0 88.0 Chriſti, ſpei noſtræ.

203.0 1414.0 985.0 79.0 Paulinarum Epiſtolarum genus eſt duplex, v¬

142.0 1479.0 1049.0 69.0 num earum, quæ ad Eccleſias totas ſcriptæ ſunt.

141.0 1537.0 1050.0 76.0 Alterum, earũ quę ad Particulares quaſdam per

139.0 1595.0 1055.0 75.0 ſonas quæ erant, vel Eccleſiaſticæ, vti vtraque ad

150.0 1653.0 1044.0 73.0 Timoth. & vna ad Titũ. vel Priuatæ, vt ea quæ

144.0 1711.0 1047.0 76.0 eſt ad Philemonem. Nam quæ circunferuntur

145.0 1766.0 1050.0 81.0 Pauli Epiſtolæ ad Senecam & contrà, ſunt fictæ

144.0 1827.0 1047.0 78.0 & ementitæ. Quantò verò eſt dignior, qui Ec¬

144.0 1885.0 1047.0 81.0 cleſiæ præeſt priuato homini, ita vberiora & lo¬

144.0 1946.0 1048.0 78.0 cupletiora ſunt earum Epiſtolarum argumenta,

147.0 2006.0 1047.0 70.0 quæ ad præfectos Eccleſiæ ſcriptæ ſunt (quales

142.0 2065.0 1052.0 73.0 ſunt illæ quæ ad Timotheum, & Titum, quæ

145.0 2125.0 1050.0 85.0 penè ſunt paris argumenti) quàm earum, quæ ad

908.0 2198.0 89.0 67.0 A.j
