1807 2677
670 130 60 75 58

853 133 693 75 AD I. PAVL. AD TIM.

654 200 1056 84 Illîc enim intercedere nihil aliud ſignificat quàm

657 267 1051 76 internuntium & medium eſſe: non autem ipſam

654 327 662 74 Dei gratiam nobis promereri.

719 379 986 77 Tertia, Obiicitur, locus Galat.3.v,2o.Reſpo.

652 438 1055 82 Eſt ſophiſtica obiectio. Negatur quidem inter¬

652 502 1053 73 nuntius & mediator eſſe vnius tantùm, non autẽ

651 562 403 67 negatur eſſe vnus.

713 617 992 77 Quarta, Angeli & Sancti vita functi, ſunt no¬

654 676 1054 69 ſtri coram Deo interceſſores. Nam ſine mediato¬

649 742 1055 62 re non poſſumus accedere ad Deum, vti nec re¬

652 798 1055 72 gem ſine purpurato, qui nos intromittat, adi¬

649 855 1056 74 mus. Reſp. Præter verbum Dei & Angeli & ſan¬

648 913 1054 74 cti noſtri mediatores inducuntur. Nam de Ange¬

646 971 1052 73 lis nominatim vetat Paulus ne colantur. Coloſſ.2.

648 1029 1053 77 De ſanctis vita iã defunctis ratio prohibet, quòd

648 1087 1071 78 & ipſi mediatore egent: neque fuerunt ſancti &

648 1148 1059 75 impolluti. noſter autem aduocatus apud Deum

652 1206 936 70 debeat eſſe δίκαιος vt docet 1. Ioan.2. verſ.2.

707 1261 995 77 Quod enim affertur de mediatore alio inter¬

648 1323 1053 73 ceſsionis & ſalutis, conuellitur vel ex hoc ipſo

648 1380 1051 78 Pauli loco, vbi agitur de precibus & interceſſio¬

645 1441 831 74 ne. Item Hebr.7.verſ.15, & 9.verſ. 24.

706 1502 996 62 Addit Paulus Chriſtum hominem eſſe. Pri¬

646 1557 1055 68 mùm quòd ea ratione Chriſtus mediator noſter

648 1616 1054 74 eſt, quatenus homo pro nobis factus eſt. Deus e¬

646 1677 1053 70 nim manens pati & implere illa, quæ ſunt nobis

649 1737 1052 67 ad ſalutem neceſſaria, non potuit. Deinde ne im¬

645 1793 1051 71 menſus ille diuinæ maieſtatis fulgor & ſplendor,

648 1854 1054 66 ad quem nobis, qui ſumus terræ vermes & ho¬

648 1911 1057 65 mines, accedendum eſt nos perterreat. Habe¬

651 1964 1053 73 mus enim qui nobis facilẽ ad Deũ aditum præ¬

649 2027 1056 68 beat, Chriſtum nempe, qui noſtris infirmitatibus

655 2094 1052 84 compatitur, & qui, quia noſtram naturam aſſum¬

1615 2144 93 91 pſit
