1807 2677
886.0 185.0 427.0 67.0 EPISTOLA.

588.0 246.0 1047.0 96.0 gumento maximè oſtentare voluerit fuit

590.0 318.0 1044.0 93.0 Claudius Spenſæus. Is enim præter ma¬

590.0 389.0 1042.0 94.0 gnos in ipſum Pauli contextũ cõmẽtarios

590.0 459.0 1042.0 88.0 etiam tres libros Digreſſionum, quas ap¬

594.0 526.0 1043.0 92.0 pellat, & ipſos quoque prolixos edidit in

590.0 594.0 1045.0 90.0 hanc Pauli Epiſtolam. Tãtum autem ab¬

590.0 660.0 1048.0 98.0 eſt, vt, meo quidem iudicio, quiſquã iis

593.0 733.0 1048.0 87.0 adiuuari poſſit, vt nihil ſit & ſcriptore i¬

593.0 800.0 1045.0 89.0 ſto obſcurius, & illius diſputatione magis

597.0 868.0 1044.0 91.0 perturbatum atque cõfuſum. Sunt enim

593.0 933.0 1059.0 93.0 iſti ſcholaſtici, è quorũ numero fuit Spẽ¬

591.0 1005.0 1053.0 88.0 ſæus, iuſto Dei iudicio occæcati: & tam

593.0 1070.0 1051.0 95.0 tenebriones, vt in pleriſque ne ſeipſos qui

594.0 1140.0 1053.0 94.0 dem intelligant, quia ſunt in tenebris &

597.0 1206.0 1050.0 98.0 matȩologia educati. Certè cũ in eos com¬

594.0 1277.0 1053.0 89.0 mentarios incidiſſem, nihílque in iis pro¬

594.0 1351.0 1049.0 88.0 ficerẽ, maturè abiſtis digreſſionibus & er¬

594.0 1412.0 1052.0 97.0 rore ad ipſum Paulũ & verũ iter redii, fe¬

594.0 1484.0 1053.0 95.0 cíque illud, quod habet prouerbium ve¬

596.0 1552.0 1054.0 92.0 tus bibi & fugi. Quantũ autẽ hoc meo la¬

597.0 1618.0 1055.0 98.0 bore ipſe ſim cõſecutus, & rẽ cæteroquin

603.0 1687.0 1043.0 97.0 propter temporis vetuſtatẽ, diuturnàm¬

603.0 1760.0 1049.0 90.0 que deſuetudinem, iam obſoletam ac dif¬

602.0 1827.0 1045.0 91.0 ficilem illuſtrarim, aliorum eſto iudiciũ:

603.0 1896.0 1046.0 90.0 certè magnis laboribus & lucubrationi¬

603.0 1963.0 1050.0 83.0 bus hæc vetuſtatis rudera nobis eruenda

606.0 2034.0 1046.0 86.0 fuerunt. Precor autem Dominum Deum

605.0 2102.0 1039.0 106.0 vt hos meos labores Eccleſiæ ſuæ vtiles,

1424.0 2178.0 217.0 115.0 piíſque
