1807 2677
490 178 314 58 CAPVT I.

1140 190 46 65 37

151 237 1058 85 perciti. Ex ea igitur ſcilicet bona cõſcientia torũ

153 306 1048 74 vitæ noſtræ curſum regere debemus. Quod autẽ

153 364 1050 70 bonam conſcientiam homines Ethnici commẽ¬

148 420 1056 75 dant, quale eſt illud, Nil conſcire ſibi nulla pal¬

154 478 1043 72 leſcere culpa. Hic murus aheneus eſto. &, Con¬

150 535 1051 73 ſcientia mille teſtes. item, Bono viro nihil præ¬

148 597 1055 72 ter culpam præſtandum, & cætera huiuſmodi:

148 652 1050 79 vim quidem teſtimonij conſcientię demonſtrãt,

150 718 1054 70 quanta ſit: præcipuum tamen periculum, quod

145 768 1059 78 ex ea ſpreta metuendum eſt, nõ oſtendunt, quod

150 826 1054 76 eſt hoc, amiſſio & euerſio veræ fidei doctri¬

150 886 1051 83 næ, & cognitionis de noſtra ſalute & Dei erga

150 948 404 81 nos miſericordia.

165 1063 1033 79 20 Ex quibus Hymenæus & Alexãder:

150 1134 1045 84 quos tradidi Satanæ, vt diſcant non blaſ¬

154 1204 252 97 phemare.

160 1293 1040 82 Hoc ipſum duobus exemplis confirmat, Hy¬

151 1360 1050 75 menæi & Alexandri, de quorum altero agit hic

156 1421 1042 72 ipſe in 2 Tim. 2.V. 17. cuius errorem qualis fuerit

151 1475 1049 80 deſcribit, in quẽ Alexãdrũ quoq; incidiſſe veriſi¬

150 1534 1048 79 mile eſt. Fuit autẽ hic Alexander Epheſius Act.

153 1603 1048 67 19.V. 13. Vtrunque autem ad terrorem cæterorũ

150 1653 1048 76 pſeudopaſtorum punit Paulus excommunica¬

153 1710 1047 74 tione quam ſolenniter antea in Eccleſia factã

151 1769 1049 76 fuiſſe verum eſt. Hîc autem eam repetit, vt intel¬

153 1826 1050 77 ligant omnes, quo iudicio digni ſint omnes hæ¬

151 1888 1055 75 retici obſtinati. Verba autem hæc tradidi Satana

157 1945 1046 74 quid ſignificent, D. Beza in I Corinth.5. verſ.5.

156 2009 1048 70 explicuit, ad quem lectorem remitto. Nam illîc

157 2062 1053 76 melius explicatur, quàm in canon. Audi denique.

156 2120 1047 87 De forma vero Papiſticæ excom municationis

905 2204 110 71 Ciij.
