1807 2677
469 184 359 68 CAPVT II.

1122 188 41 78 85.

130 243 1047 81 uſtè quoque illa à ſummo ſacrificatore loiada

130 306 1046 74 de regni ſolio deturbata & deiecta, eſt, atque e¬

132 367 1048 76 tiam propter vſurpatum regnum necata. Quod

129 429 1048 66 de Amazonum regno commemoratur, primum

132 484 1041 70 vt fabuloſum non fuerit (quemadmodum omni¬

127 538 1049 74 no fabuloſum non putant Arrianus, & Q Curtius

132 596 1041 80 quíque res geſtas Alexandri Magni ſcripſerunt)

130 667 1046 66 tamen præter rerum naturam conſtitutum eſt il¬

127 715 1046 74 lud regnum, & in virilis ſexus apertam contume¬

129 771 1045 76 liam. Quid enim magis portentoſum & mõſtro¬

126 831 1048 70 ſum & à muliebris ingenij manſuetudine alienũ,

127 895 1050 67 quàm videre armatarum mulierum exercitũ con¬

127 951 1047 67 tra viros concurrentem: ac latiſſimam quandam

127 1012 1049 66 terræ plagam cernere, quæ omnino viris & mari¬

129 1063 1044 77 bus careret. Itaque videntur illæ contra ipſam

127 1122 1044 75 fœminei ſexus vel potius humanam naturam pu¬

129 1180 1045 76 gnaſſe, & auxiliũ, quod à Deo optimũ & præſtan¬

127 1240 1041 73 tiſſimum paratum eſt mulieribus, nempe mari¬

129 1296 1038 70 tos reieciſſe. Vnde prorſus breuíq; tempore to¬

126 1354 1039 76 ta illa Amazonũ gẽs deleta eſt. Sed ad propoſitã

127 1417 1040 70 quæſtionem reuertamur. Quanquam verò Iſai.3.

129 1475 1039 76 verſ.II. pro magno Dei maledictionis ſigno po¬

126 1533 1047 76 ſitum legimus, quòd pueri & mulieres imperium

126 1592 1048 79 in aliqua gente obtineant: tamen illud ipſum nõ.

126 1652 1044 76 eſt perpetuum. Sæpe enim & pueri reges, velut

127 1707 1041 67 Solomon & Ioſias, ſanctiſsimè & feliciſsimè re¬

126 1769 1042 70 gnarunt, fuítque eorum imperium omni bono¬

124 1826 1043 74 rum genere à Deo cumulatum. Idem de mulieri¬

127 1882 1038 78 bus quibuſdam, & earum imperio dici poteſt,

129 1942 1041 74 quibus Dominus mirum in modum benedixit, vt

127 2000 1043 76 ex varijs hiſtorijs apparet. Certè de illuſtriſsima

124 2056 1053 79 regina Angliæ Elizabeta, quæ nunc feliciſsimè

124 2117 1047 106 regnat, dici poteſt, nihil terrarum orbem vidiſſe.

847 2180 101 95 fiij.
