1807 2677
635 157 84 70 24

838 150 690 76 AD I. PAVL. AD TIM.

627 217 1047 81 huiuſcemodi occaſiones ab aduerſariis Euange¬

629 281 1053 75 lij apparet tum ex I. ad Corinth.15.tum quòd ad

627 337 1049 77 Epiſt. ad Galat. & hîc ſuum miniſterium tuetur.

624 398 1052 74 Secunda ratio cur ſuum Apoſtolatum Paulus

624 459 1050 68 cõmendet, eſt, vt Timotheo, quem exhortaturus

623 514 1047 77 erat ad difficile certamen ſuſcipiendum, ſeipſum

624 575 1049 74 in exemplum proponeret, in quo ſumma Dei

630 635 1043 74 potentia, vis, miſericordia, & virtus illuxit, ne fa¬

624 694 1047 76 tiſceret, aut expaueſceret Timotheus. Ita verò

623 752 1038 65 totum ſuum miniſterium aſſerit Paulus, vt illius

621 807 1040 74 gloriam & laudem vni Deo vindicet, non ſibi,

620 870 1045 74 non bonis ſuis operibus, aut præparationibus.

621 929 1046 74 Hoc ſignificat Gartiam habeo, Gratiæ enim a¬

624 996 1043 67 guntur bene ficiorum nomine acceptorum: non

620 1049 1042 67 autem meritorum à nobis aut operum collatorũ.

615 1100 1050 77 Christo) Deum eſſe ex eo intelligimus Chriſtum,

617 1164 1047 65 cui & vocatio, & virtus conferens dona falutaria

614 1218 1044 81 & nobis neceſſaria tribuitur 2 Corinth. 3.verſ.5.

617 1280 824 68 omnis noſtra idoneitas ex Deo eſt,

672 1337 981 71 Potentem reddidit) Non dicit Paulus, qui me

611 1395 1050 74 tantùm iuuit, ſuſtinuit, erexit: ſed qui reddidit

612 1455 1049 69 potentem, vt valerem: alibi ait ἱκάνωσε, & robuſtũ

615 1512 1041 74 vt perſiſterẽ. Ergo prorſus extenuat & deiicit vi¬

611 1573 1047 68 res ſuas Paul. quas ſe ab vno Deo fatetur habere

615 1629 1041 73 Neque hîc de prima ſua ad Euangelium voca¬

603 1689 1053 77 tione tantùm, ſed de toto miniſterio ſuo & Apo¬

603 1750 1049 76 ſtolatu agit. Vires enim à Deo nobis ſuggeri o¬

605 1809 1047 72 portet ad vocationes noſtras obeundas. Vires e¬

603 1867 1049 72 tiam ad perſeuerandum. Vnde ait idem Paulus

600 1925 1050 70 collocans me in Miniſterio. Hoc idem de nobis

599 1982 1051 76 ſentire debemus, & ex animo quidem, non autẽ

590 2037 1056 71 ſimulatè & fict è:nec illud Leonis x. Pontif Rom.

587 2099 1053 99 blaſphemum vſurpare, nos à Deo vocari meritis

1496 2165 136 89 licet
