1807 2677
386.0 178.0 412.0 71.0 EPISTOLA.

83.0 234.0 1041.0 106.0 pertè reſpondemus. Sin autem de exter¬

81.0 298.0 1041.0 103.0 nis & accidẽtalibus huic diſciplinæ rebus

83.0 370.0 1042.0 110.0 quæritur, in quibus commoditas incom¬

83.0 441.0 1048.0 101.0 moditâſque praxeos, vſus, & executionis

83.0 501.0 1045.0 114.0 diſciplinæ iſtius verſatur, dicimus illas va¬

86.0 578.0 1042.0 106.0 riari poſſe, atque etiã ſæpe oportere pro¬

90.0 648.0 1049.0 104.0 pter diuerſam diuerſorum temporum, re¬

90.0 713.0 1050.0 104.0 rum, & perſonarum rationem : nedum vt

93.0 782.0 1047.0 110.0 loci & regiones diuerſæ eandem ſemper

92.0 847.0 1044.0 107.0 diſciplinæ formam patiantur, aut requi¬

92.0 917.0 1044.0 100.0 rant. Itaque quæ hoc loco, & in his regio¬

95.0 983.0 1045.0 108.0 nibus commodè geruntur (vti in Gallia

98.0 1049.0 1039.0 109.0 Cœnæ Dominicæ adminiſtratio per ſin¬

99.0 1116.0 1046.0 112.0 gula anni quadrimeſtria) in aliis fortaſſe

98.0 1188.0 1042.0 110.0 regionibus commodè iiſdẽq́ue tẽporibus

98.0 1256.0 1048.0 100.0 non fierent aut celebrarentur. Sic in ali¬

104.0 1328.0 1039.0 101.0 qua Eccleſia excommunicatio ex ſcripto

102.0 1393.0 1041.0 106.0 fiet, in alia verò potius ore ipſo Paſtoris

107.0 1461.0 1042.0 108.0 pronũtiabitur. Sic in hac Eccleſia eius qui

108.0 1527.0 1043.0 110.0 poſt profeſſionẽ Chriſti fuit idololatra &

105.0 1594.0 1047.0 110.0 transfuga, poſteáque ad Eccleſiam rediit

110.0 1665.0 1044.0 106.0 confeſſio die tantum dominica fiet, in illa

116.0 1735.0 1036.0 98.0 quotidie: hîc ex ſcripto, alibi ore ipſius

116.0 1805.0 1042.0 104.0 pœnitentis. Hæc igitur omnia diuerſam

117.0 1875.0 1041.0 98.0 formam habere poſſunt, modò tamen

118.0 1943.0 1037.0 101.0 coercitio morum, agnitio culpæ, ſepara¬

120.0 2006.0 1041.0 105.0 tio hœdorum ab agnis in domo Domini

121.0 2077.0 1039.0 115.0 ſemper retineatur, fiátque quod fieri præ¬
