1807 2677
893.0 208.0 421.0 70.0 EPISTOLA.

594.0 279.0 1028.0 85.0 temus, quantum ea nos ad ſe rapiunt, quę

594.0 340.0 1030.0 94.0 cõmoda, |propriáque ratione|, & diſpoſi¬

593.0 408.0 1037.0 93.0 tione diſtinguũtur. Hoc in Regno, hoc in

597.0 477.0 1033.0 94.0 Rep. hoc in oppidis, hoc in pagis, hoc in

597.0 545.0 1033.0 94.0 priuatorũ ædibus, hoc in hortis, & cultis

597.0 614.0 1030.0 90.0 ſedibus, hoc in ſolitudine, hoc in rebus

602.0 685.0 1026.0 89.0 que natura gignũtur, hoc in artificijs quę

597.0 749.0 1035.0 89.0 hominũ induſtria efficiũtur, verũeſſe ipſa

597.0 820.0 1035.0 93.0 rerum experientia, & publica mortalium

599.0 890.0 1035.0 87.0 omnium, non tantum piorum, ſed etiam

603.0 951.0 1031.0 96.0 profanorum hominũ vox teſtatur: deni¬

603.0 1023.0 1027.0 93.0 que Mundus ipſe, pulcherrimũ Dei opus,

600.0 1091.0 1030.0 94.0 ab ordine κόσμος nominatur. Quò magis

600.0 1161.0 1035.0 89.0 deteſtanda eſt eorum ſentẽtia, qui rerum

600.0 1225.0 1040.0 95.0 confuſione non tantum apud ſe delectã¬

603.0 1299.0 1038.0 90.0 tur: ſed omnia publica priuatáque euerte¬

602.0 1360.0 1039.0 101.0 re, & perturbationem (iuſto ordine ſubla¬

600.0 1445.0 1041.0 79.0 to) in res omnes inducere conantur, quos

600.0 1499.0 1043.0 93.0 homines ἀτακτους & Ἀναρχικους, tanquã mõ¬

603.0 1569.0 1041.0 93.0 ſtra, & generis humani ἀλάςτορας, iam pri¬

605.0 1635.0 1039.0 99.0 dem veteres appellarũt. Cæterũ ſi qua in

606.0 1707.0 1040.0 89.0 re alia ordinis obſeruatio diligens non

605.0 1768.0 1041.0 94.0 tãtũ vtilis, ſed etiã omninò neceſſaria eſt,

605.0 1841.0 1044.0 87.0 maximè in Eccleſia Dei locum habere ex

606.0 1906.0 1047.0 98.0 Pauli Apoſtoli præcepto debet. Eſt enim

608.0 1976.0 1041.0 94.0 Eccleſia domus Dei, id eſt ſummi illius

608.0 2043.0 1042.0 103.0 regum Regis, in qua idcirco omnia circũ¬

606.0 2111.0 1041.0 116.0 ſpectè, aptè, decenter, &, vt Paulus ipſe lo¬

1524.0 2181.0 117.0 95.0 qui¬
