1807 2677
657 166 82 80 76

844 166 690 71 AD I. PATL. AD TIN.

646 230 1052 77 mnibus penè diei horis preces publicæ fieri de¬

652 291 1049 76 cernerentur, diluculo, deinde tertia diei, id eſt, à

643 350 1059 79 luce ſolis exorta ſupra horizontem hora, pòſt

643 410 1053 76 ſexta, præterea nona. Denique ſub veſperti¬

643 468 1052 74 num diei tempus, Vnde illæ horæ inter Papiſtas

646 530 1056 75 dictæ ſunt Canonicæ nempe 1.3.6.9. de quibus

646 587 1052 73 etiam meminit Clemens Stromat.lib.7. Sedu¬

645 642 1057 77 lius, Caſſianus, Beda & alij. Atque hæc tota res

648 706 1050 73 magnam ſecum fuperſtitionem primùm traxit,

645 762 1053 75 & verum finem orationis, atque vim extinxit: at¬

648 822 1054 74 que in opinionem meriti, & ſatisfactionis cõuer¬

648 880 1051 65 tit. Denique Euchitarum errorem in Eccleſiam

646 933 1053 73 induxit, qui nihil, niſi precari, id eſt, demurmura¬

646 997 1053 75 re certa verba ſolebant, & in eo prorã & puppim

645 1052 1056 76 ſalutis collocabant, vti diximus. Hæc nos omnia

646 1112 1053 77 breuiter hîc complecti voluimus, vt tanquam lo¬

645 1171 1057 72 cus communis haberetur. Sequitur iam vt de de¬

645 1228 1054 77 coro, quod nõ tantùm in precibus, ſed in congreſ¬

645 1286 1059 80 ſionibus publicis & Eccleſiaſticis ſeruandum ſit

652 1347 1049 80 videamus, quod ſequentibus verſiculis explica¬

654 1411 97 73 tur.

725 1460 973 83 9 Itidem & mulieres amictu honesto,

645 1536 1062 83 cum verecundia & modeſtia ornare ſeſe, non,

645 1609 1056 86 cincinnis, vel auro, vel margaritis, vel pre¬

652 1676 326 89 tioſo veſtitu.

701 1757 1007 79 Μεριςμὸς eſt, ſupra enim de viris egit, nunc autẽ

649 1821 1059 75 de fœminis Chriſtianis, quales eas in Eccleſia

649 1881 1058 65 Dei eſſe & conuenire oporteat, vt ad ritè orandũ

648 1939 1060 74 ſint comparatæ. Quo fit, vt hîc de Chriſtianarũ

649 1995 1059 76 mulierum officio & decoro duplici ratione & re¬

649 2053 1059 81 ſpectu Paulus agat. Nimirum quatenus ſunt ſpe¬

654 2114 1059 88 ctandæ tum In ſeſe, tum in totius Eccleſiæ cœtu.

1580 2172 137 91 Ac in
