1807 2677
690 148 80 61 28.

883 153 672 74 AD I. PAVL. AD TIM.

675 220 1057 80 catores habeant. Ergo primùm ſe deſcribit: dein¬

675 285 1057 74 de ex aduerſo Dei miſericordiam confert. Demũ

676 346 1059 70 cæteros ſuo exemplo conſolatur & exhortatur ad

676 403 1052 74 idem ſperandum. Magnum autem huius ſpei &

676 466 1055 66 certum fundamentum primum omnium ponit,

675 517 1056 76 nempe, Chriſtum factum eſſe hominem, vt pec¬

672 578 1057 68 catores nimirum redimeret, etiã ſceleratiſſimos.

676 636 1049 76 Quod ſundamẽtum, quia magni eſt momenti, cõ¬

673 696 1059 78 mendat ſolita præfatione, fidus est ſermo & di¬

678 758 1048 71 gnus infr. cap.3v.1.2. Timoth.2.V.19. Quãquam e¬

673 814 1056 72 nim vniuerſa ſcriptura ſacra eſt per ſe, & in omni¬

673 872 1055 75 bus ſuis partibus amplectẽda, & ſermo fidus, ta¬

673 931 1053 72 men imprimis illa, quæ ſumma fidei noſtræ ſalu¬

673 989 1053 75 iis & ſpei capita cõplectitur, ſingulari quodã mo¬

672 1048 1054 71 do amplectenda eſt. qualis hæc & inf. cap.3.V.16.

675 1107 1051 64 Cæterũ Chriſtũveniſſe, vt ſaluos faceret homi¬

672 1163 1051 75 nes, eſt certiſſimũ. idcirco.n. dicitur Ieſus Math.1.

670 1229 1055 73 & eſt hocipſum αἴτημα θεολόγικoν quod nulli Chri

670 1280 1052 80 ſtiano eſſe ignotũ poteſt nec debet, ideóq; diligẽ

673 1341 1052 65 tius & retinendũ & commemorandũ. Vnde fit, vt

673 1402 1052 62 mirum videri non debeat, ſi qui talis antea fuit

672 1458 1050 66 Paulus, miſericordiam iam eſt conſequutus. Ea

672 1519 1047 69 enim gratia factus eſt homo & Ieſus Dei Filius

670 1577 1049 75 Chriſtus. At fuit maximus peccator Paulus: fate¬

667 1638 1053 70 tur id quidem ipſe, non tantùm modeſta quadam

669 1696 1053 70 ſui deiectione vtens: ſed verè & ex ſerio ſenſu a¬

669 1754 1048 72 nimi ſui loquens, & quali à nobis infidelitas o¬

667 1815 1053 75 mnis maximéque obſtinata debet apprehen di cũ

669 1876 1050 70 pauore ac horrore conſcientiæ, Et hoc ſuum tam

672 1933 1050 77 graue, & grande peccatum eſſe illuſtriſſimum

667 1995 1053 69 ſummæ Dei miſericordiæ erga omnes peccato¬

669 2050 1053 75 res ſpeculum decet, ne deſperent vlli, ſed conuer¬

669 2110 1048 97 tentur ad Deum, & in eo ſpem vitæ æterng ha¬

1573 2171 149 86 beant.
