1807 2677
526.0 208.0 305.0 58.0 CAPVT I.

1173.0 227.0 31.0 56.0 3

151.0 267.0 1050.0 70.0 hominum: in quo eſt commendatio muneris. Ni¬

154.0 328.0 1047.0 78.0 hil enim niſi apprimè ſalutare habet legatio &

154.0 388.0 1049.0 76.0 munus huiuſmodi & à Chriſto demandatum &

154.0 447.0 1047.0 70.0 Dei ipſius ordinatione ſiue decreto. In quo ineſt

156.0 504.0 1044.0 71.0 confirmatio huius muneris. In hac autem ſtatim

156.0 568.0 1045.0 74.0 epigraphỹ apparet tum ſummum amoris Pauli

153.0 624.0 1048.0 74.0 erga Timotheum & luculentiſſimum teſtimo¬

153.0 682.0 1050.0 76.0 niũ: tum illius muneris & Apoſtolatus firmamen¬

153.0 742.0 1047.0 75.0 tum maximum. Quod non ipſius quidem Timo¬

154.0 801.0 1047.0 74.0 thei gratiâ fit, ſed aliorum, quos admoniturus e¬

151.0 862.0 1049.0 76.0 rat Timotheus, nec quidẽ tàm ſuo, quàm Pau¬

153.0 920.0 1045.0 76.0 li nomine & authoritate. Itaque hanc authorita¬

154.0 981.0 1049.0 70.0 tem aſſertam prius confirmatámque eſſe opor¬

153.0 1036.0 1048.0 69.0 tuit. Deinde ipſius quoque Timothei & confir¬

156.0 1093.0 1042.0 74.0 mandi & commendandi apud Eccleſiam cauſâ,

156.0 1152.0 1041.0 69.0 qui à Paulo miſſus erat, hoc additum eſt, quò

153.0 1212.0 1045.0 71.0 iuſtior ipſius vocatio appareat, Pauli vocatione

153.0 1270.0 1045.0 65.0 ſemel ſtabilita, etſi de ea Epheſij incerti eſſe non

159.0 1332.0 1036.0 71.0 potuerunt, inter quos vixit per biennium Paulus.

157.0 1386.0 1038.0 78.0 Nihil autem hoc loco fit à Paulo oſtentationis

157.0 1445.0 1040.0 66.0 & iactantiæ animo, ſed quòd muneris autho¬

153.0 1508.0 1047.0 69.0 ritatem defendi aduerſus quorundam impoſtorũ

153.0 1564.0 1044.0 79.0 calumnias oportuit, vidít que pro temporis cir¬

154.0 1625.0 1043.0 68.0 cunſtantia eſſe neceſſe. Cæterum docet hic lo¬

156.0 1680.0 1039.0 79.0 cus à quo mitti de beamus & vocari, nẽpe à Deo.

156.0 1741.0 1039.0 73.0 Nemo enim vſurpat ſibi honorem Hebr. 5.V.4.

154.0 1801.0 1043.0 74.0 etſi non omnes extraordinariè (vti Paulus) vo¬

156.0 1860.0 177.0 62.0 cantur.

215.0 1905.0 982.0 84.0 Finem autem, & cauſſam tanti Dei beneficij

157.0 1979.0 1040.0 71.0 erga homines oſtendit, dum appellat Deum ſer¬

157.0 2037.0 1043.0 73.0 uatorem. Quia enim Deusnos ſeruare vult, etiã

157.0 2094.0 1046.0 75.0 mitti ad nos, qui ipſius Euangelium & volun¬

154.0 2153.0 1047.0 88.0 tatem annuntient. Pſal.74.Luc 13.verſ.34. id eſt,

889.0 2232.0 107.0 65.0 a. ij
