1807 2677
420 184 304 73 CAPVT I.

1057 196 53 70 29

69 243 1059 85 beant. Ex hoc loco apparet quàm ſit enorme ſce¬

71 313 1050 75 lus perſequi Chriſti doctrinam & ſeruos, quan¬

72 368 1044 73 quam homines zeli velo conantur excuſare tam

68 428 1051 76 impium facinus. Perſequuntur enim Chriſtum

71 487 1050 76 ipſum, quo ſcelere nullum eſſe maius poteſt Act.

72 545 1046 78 9. quanquam ex ijs tamen ipſis alij alijs grauiùs

72 608 1049 70 peccant:Ii grauius, qui ſcientes veram eſſe eam

69 661 1049 72 doctrinam nihilominus inſectantur. Leuiùs autẽ

74 724 1047 71 qui eam eſſe Dei doctrinam ignorant, inter quos

69 782 1044 74 fuit Paulus. In ſe verò primo dicit patefactam

68 838 1053 76 Dei clementiam illam ingentem, quod non eſt

74 901 1053 74 accipiendum, ratione temporis. Omnes e¬

69 959 1049 67 nim ſumus natura filij iræ, & neminem ante Pau¬

69 1017 1049 71 lum vocauit ad ſe Chriſtus, aut hodie vocat, qui

71 1075 1047 71 non ſit natura illius hoſtis & perſequutor, ſi votũ

68 1139 1041 70 ſpectes: Sed ſe primum vocat aliorũ comparatio

66 1191 1050 77 ne, & ſceleris ſui deteſtatione, id eſt, inſignem

72 1253 1052 72 peccatorem & cæteris capitaliorẽ Eccleſiæ Dei

69 1308 1041 75 Definit autem fidem & à ſubiecto, circa quod

72 1365 1040 80 verſatur. Eſt autem Chriſtus: & à fine, quem

65 1424 1022 81 ſpectat vel potius ſperat. Eſt autem vita æterna.

132 1543 978 86 17 Regi autem æterno, immortali, inui¬

68 1613 1054 97 ſibili, ſoli ſapienti Deo honor, ſit & gloria

65 1693 684 87 in ſecula ſeculorum. Amen.

120 1769 992 90 Epiphonema, id eſt, ſententia ſummi ardoris

65 1845 1054 73 & vehementiæ plena, in lquam ex diuinæ erga ſe

62 1897 1050 75 miſericordiæ meditatione erumpit Paulus, quo¬

62 1958 1047 76 niam zeli ſui feruorem, & ſuæ gratiarum actionis

60 2016 1045 76 ſilentium comprimere iam non poſſit amplius. I¬

62 2077 1045 75 taque effundit hanc præclariſſimam vocem de

60 2132 1046 83 ſtupenda Dei bonitate, primùm quidem erga ſe
