1807 2677
441.0 187.0 440.0 73.0 EPISTOLA.

160.0 252.0 1041.0 100.0 certè quidẽ illi nullo iure poſſunt. Ac, vti

160.0 325.0 1041.0 91.0 dixi nec Eccleſia quidem ipſa vniuerſa &

159.0 397.0 1041.0 87.0 collecta in Oecumeniis, quæ vocãt, cõci¬

156.0 465.0 1042.0 88.0 liis hoc quoque poteſt, adeo vt mera fue¬

154.0 535.0 1041.0 89.0 rit tyrãnis, & in ius ipſum Dei inuaſio im¬

157.0 603.0 1046.0 91.0 probiſſima quicquid Synodi illæ Oecume¬

156.0 678.0 1047.0 84.0 nicæ contra præſcriptam verbo Dei diſci¬

156.0 743.0 1044.0 83.0 plinæ Eccleſiaſticæ οὐσίαν induxerũt, & ſan¬

153.0 813.0 1048.0 83.0 ciuerunt: quanquam ſe aliquid melius &

153.0 880.0 1044.0 85.0 ſanctius moliri exiſtimarẽt. Quod verum

154.0 948.0 1040.0 87.0 eſſe, vel ipſa Eccleſiæ confuſio, ruináque,

157.0 1018.0 1038.0 78.0 quæ inde con ſecuta eſt, manifeſtè decla¬

153.0 1084.0 1042.0 89.0 rat. Nam ſi illa Apoſtolicis ſcriptis præ¬

153.0 1152.0 1041.0 83.0 ſcripta diſciplina retenta fuiſſet, nũquam

153.0 1219.0 1047.0 89.0 in eam perturbationem Eccleſia incidiſ¬

157.0 1289.0 1040.0 91.0 ſet, à qua miſerrimè tandem peſſundata

154.0 1359.0 1040.0 88.0 eſt. Quid igitur, damnamûsne omnes eas

151.0 1427.0 1043.0 86.0 Euãgelicas Eccleſias in quibus vel nulla

151.0 1494.0 1043.0 86.0 diſciplina Eccleſiaſtica omnino obſerua¬

150.0 1566.0 1042.0 87.0 tur, vel Apoſtolica nõ retinetur: ſed in qui

150.0 1635.0 1039.0 88.0 bus ea vel corruptaeſt: vel etiam alia, pro

156.0 1701.0 1023.0 89.0 vera ſubſtituta ? Ad hanc odioſam qui

150.0 1769.0 1035.0 90.0 dem quæſtionem, & quæ tamen ſæpe no¬

150.0 1836.0 1039.0 92.0 bis obiicitur, ingenuè quidem, ſed tamen

153.0 1906.0 1027.0 91.0 placidè & modeſtè reſpondemus. Nos

151.0 1978.0 1035.0 86.0 propter carentiam & εἰπουσίαν? diſciplinæ

147.0 2046.0 1039.0 86.0 Eccleſiaſticæ minimè damnare Eccleſias

148.0 2111.0 1029.0 103.0 & cœtus illos hominũ, in quibus vera pu¬

845.0 2206.0 85.0 91.0 ¶¶.

1003.0 2208.0 43.0 80.0 j.
