1807 2677
511.0 202.0 372.0 70.0 EPISTOLA.

179.0 258.0 1030.0 90.0 quitur, ἀσχημόνως καί κατα τάξιν fieri oportet:

171.0 328.0 1038.0 86.0 nihil autein confuſè, & pertubatè, ne ex

171.0 397.0 1036.0 84.0 iſta domus turpitudine ad ipſum patrem

171.0 464.0 1038.0 87.0 familiàs, id eſt, ad Deum Optimũ Maxi¬

169.0 532.0 1037.0 86.0 mum aliqua labes quodammodo redun¬

171.0 602.0 1035.0 88.0 det. Itaque ipſe eâdem benignitate qua

169.0 670.0 1034.0 78.0 in ſacratiſsimo ſuo verbo omnia, quæ

166.0 736.0 1040.0 86.0 ſunt ad ſalutem æternam, ipſiúſque Eccle¬

166.0 804.0 1053.0 86.0 ſiæ ſuæ fundamentũ neceſſaria, præſcrip¬

165.0 875.0 1039.0 79.0 ſit: it a et iam quæ ſunt ad eiuſdem Eccle¬

166.0 944.0 1040.0 76.0 ſiæ ordinem, & ornamentum vtilia, de¬

165.0 1011.0 1042.0 85.0 mõſtrauit, nequa deeſſet pars ad veræ Ec¬

166.0 1078.0 1041.0 85.0 cleſiæ conſtitutionem neceſſaria, quam

166.0 1148.0 1037.0 81.0 non ab ipſius ore & verbo abundè diſce¬

166.0 1216.0 1032.0 85.0 remus. Vt verò hæ præceptiones, quæ

166.0 1281.0 1035.0 85.0 Eccleſiæ neceſſarium ordinem cõtinent

166.0 1351.0 1032.0 85.0 etiam nomine ipſo ab ijs diſtingueren¬

163.0 1420.0 1029.0 85.0 tur, quæ doctrinam fidei complectuntur,

169.0 1490.0 1028.0 81.0 generaliter diſciplinæ Eccleſiaſticæ vo¬

166.0 1558.0 1031.0 83.0 cabulo vulgò ſunt appellatæ. Quemad¬

163.0 1628.0 1037.0 83.0 modum enim ea verbi Dei pars, & ea ve¬

163.0 1695.0 1037.0 85.0 ritatis cognitio, quæ quid de Deo Patre,

168.0 1762.0 1038.0 82.0 de Chriſto, eiuſque naturis & officio, de

172.0 1833.0 1031.0 79.0 Spiritu Sancto, de cauſis noſtræ iuſtifica¬

169.0 1905.0 1038.0 75.0 tionis, de vita æterna, nobis credendum

169.0 1967.0 1034.0 85.0 ſit, oſtẽdit oſſa & neruos, ipſámque adeò

174.0 2034.0 1048.0 88.0 veræ Eccleſiæ, tanquam corporis οὐσίαν,

172.0 2105.0 1038.0 100.0 & conſtitutionem continet & ædificat.

887.0 2179.0 165.0 96.0 ¶ Iij.
