1807 2677
658 169 101 80 84

826 163 693 80 AD I. PAVL. AD TIM.

646 227 1055 104 neque authoritatem vſurpare in virum, ſed

648 309 363 88 eſſe in ſilentio.

673 391 1025 98 Prima ratio quæ explicatur hoc loco, à diffe¬

649 459 1049 85 rentia, quæ à Deo ipſo conſtituta eſt inter vtrun¬

652 516 1049 89 que ſexum virilem nempe & muliebrẽ, ducta eſt.

655 575 1046 82 Secunda verò à genere. Deus neque mulieres

657 632 1044 90 præeſſe vult, neque docere, neq; in viros autho¬

654 691 1047 88 ritatem vſurpare: At qui loquitur in Ecceſia ſiue

657 752 1045 89 præeſt ea & docet, in viros ſumit quoddam

655 810 1047 89 imperium & authoritatem. Ergo mulieres loqui

657 870 1056 84 in Eccleſia neque poſſunt, neque debent. Nec

660 925 1044 87 obſtat quod eas in Diaconatum alleget Paulus

660 983 1042 89 inf. cap. 5.verſ.9. Nudum enim illæ manuum mi¬

658 1047 1049 80 niſterium præbent, Diaconis autem ipſis parent.

663 1100 1047 89 Sed ex hoc loco de eo quoque inter quoſdam di¬

661 1161 1047 86 ſputatum eſt, Vtrum honeſtum ſit mulieres re¬

666 1219 1042 89 gnare, id eſt, viris imperare, & ſummum impe¬

663 1277 1048 86 rium & ius in viros & mares obtinere. Id quod in

664 1334 1046 92 Hiſpania, Anglia, Scotia variiſque aliis regioni¬

664 1395 1046 78 bus locum habet. Cuius etiam rei extant exem¬

667 1454 1047 86 pla in Semiramide Aſſyriorum regina, Candace

664 1511 1043 90 Ethiopum Actor.8. verſ.27. Cleopatra Ægy¬

664 1573 1052 83 ptiorum ſub Auguſto, & Zenobia fortiſſima mu¬

663 1627 1053 87 liere ſub Adriano imperatore (cuius Zenobiæ im¬

669 1687 1045 85 perio etiam multæ Eccleſiæ Chriſtianæ parue¬

670 1747 1047 82 runt. In populo autem Dei nihil quicquam tale

669 1805 1050 85 habemus, ſiue Iudaicum ſiue Iſraëliticum regnũ

669 1863 1047 76 ſpectetur. Nam quod de Athalia poteſt afferri 2.

672 1921 1048 85 Reg. 11. facile diluitur: fuit enim vſurpatio & in¬

672 1982 1047 82 uaſio iniuſta regni ea Athaliæ dominatio: non

669 2041 1053 81 autem regnum & poteſtas legitima cui populus

669 2098 1051 101 lubens aſſentiretur vt poſtea apparuit. Quare

1604 2154 119 87 iuſtè
