1807 2677
452 175 340 73 CAPVT II.

1086 200 69 72 77

111 240 1046 85 Ac in ſeſe debent eſſe Caſtæ, & Modeſtæ. Cœtus

113 307 1048 78 autẽ Eccleſiaſtici ratione, Silentes, & Diſcentes.

169 367 991 74 Primùm igitur ait. Itidem, Nam ne ſe à con¬

111 425 1049 77 ſortio & com municatione precum Eccleſiæ ex¬

110 484 1050 76 cludi propter ſexus infirmitatem, & maiora viro¬

108 541 1050 82 rum priuilegia putent mulieres Chriſtianæ, do¬

110 602 1048 76 cet eundem illis aditum ad Deum patere, & ean¬

110 660 1053 74 dem orandi fiduciam dari, quam ſuprà viris eſſe

110 718 1047 71 conceſſam oſtendit. Deus enim ſuas promiſſio¬

111 779 1047 74 nes vtrique ſexui communes propoſuit: & tam

108 835 1049 67 dicitur Sara parens & mater fidelium mulierum

113 890 934 76 quàm Abraham fidelium virorum 1.Pet.3.

166 950 992 76 Communis vtriſque Baptiſmus, Cœna Domi¬

107 1009 1050 75 ni, Prædicatio Euangelij, fides, & gloria æterna,

110 1067 1047 78 quia vtriſque cõmunis eſt imago Dei. Ergo mu¬

107 1125 1056 79 lieres,vti & viros, orare, & Deum precari vult: ſed

108 1186 1050 79 tacitas, non autem in cœtu eas preces fundere &

110 1244 1045 76 concipere. Vult autem Paulus eas eſſe in cœtu

113 1298 1042 79 Domini amictas & veſtitas Honeſtè, Verecundè

108 1360 1046 76 & Modeſté. Atque huic muliebii cultui & orna¬

110 1420 1044 73 tui opponit, Cincinnos & calamiſtros, Aurum &

111 1484 1043 71 argentum, margaritas in veſtibus, Pretioſum ſiue

107 1534 1044 78 ſumptuoſum veſtitum. Denique opera bona ab

107 1592 1048 84 illis requirit & efflagitat, quæ opponuntur omni

108 1653 1043 75 impudicitiæ, vanitati, ambitioni, faſtui muliebri.

111 1710 1043 82 Decent aurẽ maximè opera bona fœminas Chri¬

108 1769 182 82 ſtianas.

169 1823 983 89 Ac primùm ſimilis eſt locus.1.Pet.verſ.3.Tit.2

117 1888 272 67 verſ.2.Iſai.3.

168 1939 983 85 Diſſimile videri poteſt exemplum & factum

113 1998 1038 85 Eſtheræ: Eſth.cap.5 & ludithæ, quæ ſe comit &

113 2062 1036 81 ornat aliquid actura egregium, Reſpond. Non

113 2120 1038 98 agi illîc de precibus, nec de cœtu Eceleſiæ adeũ¬
