1807 2677
666 166 99 73 62

840 162 711 75 AD I. PAVL. AD TIM.

658 232 1052 81 nim ad ſequentem verſiculum referunt: alij huic

655 300 1052 68 coniungunt: alij mutandam cenſent vocem μαρτύ¬

655 355 1053 76 ριον in vocem μυςτήριον. Mihi verò videtur planus

657 414 1050 70 & facilis horum verborũ ſenſus, ſi ab initio quin¬

660 472 1045 78 ti verſiculi ad hunc vſque locum parẽtheſin pro¬

655 532 1050 73 duci intelligamus. Itaque continua orationis ſe¬

655 593 1050 73 rie hæc, quæ iam ſequuntur, coniungantur, cum

652 648 1052 80 illa ſuperiore Pauli ſententia. Qui quoſuis homi¬

651 712 1050 73 nes vult ſaluos fieri, & ad agnitionem veritatis perue¬

652 768 1050 75 nire. (Vnus enim Deus & c. iuxta teſtimonium pro¬

652 826 1050 81 prijs temporibus patefactum, ad quod ipſum implen¬

649 890 1055 72 dum & exequendum, ego conſtitutus ſum, &c. At

649 944 1050 77 ſupplendam eſſe poſt hæc verba τὸ μαρτύριον καιροῖς

649 1006 1052 73 ἰδίοις vocem φανερωθὲν apparet ex Tit. 1. verſ.2. &

648 1061 1051 76 Coloſſ.1.verſ.26. Vocat autem hîc teſtimonium

648 1119 1050 79 Paulus, antiqua Prophetarum vaticinia de voca¬

646 1180 1053 75 tione quorumuis hominum & gẽtium, ne id fru¬

646 1235 1050 76 ſtra & temerè Eccleſiæ polliceri ipſe videatur

646 1295 1053 73 Paulus nullóque in eo niti ſacræ ſcripturæ teſti¬

645 1357 1056 72 monio & fundamento, qualia tamen multa ſupra

645 1415 1053 75 cap. q.annotauimus & ipſe Paulus obſeruauit &

646 1475 1044 67 affert in Epiſt. ad Romanos cap.15. verſ 9.1o.11.12.

645 1533 1047 73 Ergo vocem μαρτύριον non refero ad Chriſtum:

645 1592 1048 72 ſed ad totum complexũ ſuperius Vult Deus quoſ¬

643 1650 1052 72 uis homines ſaluos fieri. Hoc teſtimonium & illa

643 1708 1049 73 vaticinia antiqua ignota aut etiam obſcura iis i¬

643 1766 1049 76 pſis, quibus antea annuntiabantur, ſuis, id eſt, E¬

642 1826 1051 74 uangelij temporibus patefacta ſunt, & illuſtrata

642 1885 1050 75 atque impleta. Nouit enim ſolus Dominus tem¬

642 1945 1051 76 porum articulos, & rerum opportunas maturita¬

641 2000 1051 73 tes, quas ipſe decernit & conſtituit. Itaque huius

642 2059 1051 81 rei perficiende gratia Paulus cæteriq; Apoſtoli à

643 2116 1049 94 Chriſto & vocati & miſſi ſunt. Id quod ipſe ſe¬

1539 2178 160 84 quenti
