1807 2677
411 162 326 68 CAPVT I.

1090 182 47 67 31

101 229 1051 83 tionem, ſi modo nobis liceat bona Peripateti¬

101 294 1050 76 corum veniâ illam durationem tempus appella¬

99 350 1053 81 re, vt docet Auguſtinus in lib. Confe.11. Eſt enim

101 411 1048 73 Deus ante omnem temporis non tantùm dura¬

99 468 1052 77 tionem: ſed etiam cogitationem. lſtud tamen E¬

99 527 1047 79 pitheton quidam de Chriſto propriè ſcribi pu¬

98 587 1054 77 tãt, quia Pater ſeculi nominatur Iſai.9. verſ. 6.ſed

99 643 1044 78 alius eſt illius loci ſenſus. Idcirco autem Deus. i.

105 701 1044 79 Trinitas ipſa appellatur Rex ſeculorum. vt

96 762 1049 76 immutabilis & æternus Deus eſſe intelligatur,

98 820 1048 78 qui nullum temporis principium habeat: Cui

93 886 1052 68 ſubſequens eſt, vt ſit immortalis. Hoc enim ſigni¬

93 939 1055 78 ficat ἄφθαρτος. Nec enim ad mores incorruptos

96 1002 1053 73 pertinet hæc vox, vt nonnunquam accipitur, ſed

93 1057 1049 80 finem temporis excludit, que madmodum æter¬

92 1119 1045 69 nitas principium ὑπάρξεως.

138 1170 1010 83 Inuiſibilem) vocat iuxta illud Chriſti, Deum

92 1232 1051 81 nemo vidit vnquam Ioan. 1.verſ.18.id eſt, huma¬

90 1292 1058 76 no viſu Deus conſpici non poteſt, vt explicat

92 1348 1053 79 Auguſtinus lib. I.de Trinitate cap.6. Beati quidẽ

90 1406 1043 75 Deum vident & videbunt, ſed alia ratione & vi¬

89 1467 1050 75 ſione, quàm hæc noſtra eſt. Hoc de ſolo Patre

90 1527 1049 79 quidam dici putant, quia Filius per carnem aſ¬

87 1585 1050 80 ſumptam factus eſt nobis conſpicuus Deus, quẽ¬

87 1643 1053 74 admodum etiam loquitur Paulus infra 3. verſ.16.

89 1702 1054 81 At nec in Chriſto ipſa deitas fuit conſpecta, imò

87 1760 1062 81 velo carnis fuit obducta & obtecta. Præterea di¬

84 1818 1061 84 cit Chriſtus ipſe, qui me videt, videt & Patrem

84 1878 1061 85 Ioa. 1a v.9 vt ad Filium quoque hic locus referri

82 1936 620 78 debeat, quatenus Deus eſt.

120 1995 1025 78 Sapientem) vocat non eo modo, quo nos ho¬

80 2056 1054 81 mines ſæpe ſapientes dicimur, ſed incomprehen¬

77 2111 1083 104 ſibili prorſus ſapientia, qua ſolus ſapiens eſt &
