1807 2677
606.0 176.0 72.0 66.0 1O

795.0 162.0 696.0 71.0 AD I. PAVL. AD TIM.

602.0 229.0 1050.0 83.0 pretatio & ſententia qui volunt nomine genea¬

603.0 292.0 1047.0 81.0 Iogiæ hîc intelligi, vel Mathematicas deſcriptio¬

600.0 353.0 1047.0 76.0 nes natiuitatum, quas tamẽ damnatas eſſe agnoſ¬

602.0 410.0 1047.0 77.0 cimus. vel longas illas ſeries & diſputationes de

602.0 468.0 1045.0 80.0 Æonibus, quas Valentinus ipſiúſque diſcipuli e¬

600.0 530.0 1049.0 73.0 tiam poſt Pauli mortem, nimirum circa annum

603.0 590.0 1046.0 74.0 à Chriſto paſſo cx. inuexerunt in Eccleſiam, tan¬

603.0 649.0 768.0 73.0 quam fidei doctrinam neceſſariam.

660.0 707.0 987.0 78.0 Quod ad horoſcoporum inſpectionem & na¬

602.0 767.0 1047.0 70.0 tiuitates quæ ab Aſtrologis fiunt, illæ non γενεα¬

602.0 823.0 1045.0 78.0 λογίαι appellantur, ſed γενέσεις & γενεθλιαλογίαι, &

600.0 887.0 1052.0 69.0 qui eas tractant & docent, non γενεαλόγοι, ſed

600.0 942.0 1047.0 76.0 γενεθλιακοί nominantur. Hanc tamen interpreta¬

596.0 1000.0 1053.0 75.0 tionem videtur amplexus Chriſoſtom. quæ huic

597.0 1061.0 519.0 73.0 loco minimè conuenit.

657.0 1115.0 995.0 80.0 Quanquam autem inter Epheſios, qui Iudæi

597.0 1176.0 1052.0 74.0 non erant, verſabatur Timotheus, tamen inter

597.0 1231.0 1052.0 82.0 Iudæos maximè huiuſmodi quæſtiones, quas hîc

599.0 1293.0 1051.0 73.0 damnat Paulus, fiebãt, vti etiam Tit. I.verſ.14 eas

602.0 1350.0 1048.0 79.0 Iudaicas fabulas vocat Paulus. Sed vel iam huiuſ¬

600.0 1412.0 1053.0 79.0 modi fermentum in Eccleſiam Dei irrepſerat,

600.0 1475.0 1049.0 68.0 vel ex ea communicatione, quæ fidelibus cum

602.0 1530.0 1048.0 68.0 Iudæis conuerſis intercedebat hoc periculũ iam

602.0 1583.0 1048.0 82.0 Eccleſiæ imminere potuit, & præuideri à Paulo.

651.0 1644.0 1002.0 75.0 Fuerunt autem huiuſmodi de Genealogijs

599.0 1702.0 1054.0 79.0 diſputationes. Quis ex qua familia ortus eſſet, ſi¬

599.0 1760.0 1056.0 79.0 ue de ſe Iudæi agerent: ſiue de gentibus. Id quod

600.0 1823.0 1052.0 80.0 partim oſtentationis plenum eſt, partim inanis

600.0 1893.0 284.0 59.0 cognitionis.

630.0 1936.0 1017.0 73.0 Μύθους, igitur vocat huiuſmodi quæſtiones,

602.0 1995.0 1057.0 76.0 quòd etſi ſæpe non ſint prorſus res falſæ & fictæ

602.0 2055.0 1059.0 80.0 pro animi libito:tamen ſunt inutiles, vti fabulæ

603.0 2111.0 1055.0 100.0 & ficte narrationes Μύθος autem vnde noſtri Gal¬

1612.0 2169.0 41.0 82.0 Ii
