1807 2677
596 174 92 62 20

771 159 702 73 AD I. PAVL. AE TIM.

593 223 1053 90 ipſam legem per ſe bonam ſemper eſſe. Qui enim

590 291 1053 74 eam in maiorem peccandi occaſionem trahunt,

590 352 1060 74 ea legitimè non vtuntur, non deſinit tamen Lex

594 408 1052 84 propterea eſſe bona. Simile quiddam de Sacra¬

593 471 1051 76 mentis afferri poteſt, quæ ſemper ſunt ſigna ſa¬

591 527 1052 81 lutis per ſe, quanquam impii vtantur ijs ad hy¬

594 590 1046 73 pocriſin ſuam fucandam & tegendam. Reſpon.

594 648 1044 65 Hoc verum eſſe, ſed à Paulo demonſtratur hoc

590 706 1051 76 loco non tantùm quid res ſit ipſa, id eſt, Lex ſit

590 762 1051 78 in ſeſe: ſed quid in nobis, & qualis eius fructus

590 823 1054 66 eſſe & produci debeat, ne ea abutamur. Erit autẽ

593 883 1051 71 tum demum fructuoſa, ſi ad quem finem data eſt,

593 941 1051 74 cogitemus, id eſt, vt fidem cum charitate ex ea

594 1002 573 77 diſcamus & exerceamus.

658 1117 44 87 9

743 1116 898 88 Nempe ſciens Legem iusto poſitam

587 1191 1053 92 non eſſe, ſed Legis contemptoribus, & ijs qui

591 1262 1053 92 ſubijci neſciunt: impijs & peccatoribus, nefa¬

591 1335 1055 85 rijs & profanis, patricidis & matricidis, ho¬

602 1394 214 87 micidis.

660 1466 984 82 Io Scortatoribus, maſeulorum concubi¬

590 1531 1050 88 toribus, plagiarijs, & mendacibus, periuris,

593 1604 1050 100 & ſiquid aliud eſt quod ſanæ doctrinæ ſit

566 1680 304 82 oppoſitum:

649 1748 995 84 E’ξήγησις. Explicat enim quis ſit is legitimus

594 1812 1052 79 Legis finis, de quo dixit. Eſt autem vt per Legem

593 1875 1053 73 hominum mores & vitia corrigantur, & emen¬

591 1937 1055 63 dentut: non autem vt in vanis quæſtionibus oc¬

590 1991 1051 68 cupemur. Poſita enim eſt, vt ſcelera hominum,

591 2049 1053 73 veluti homicidia, adulteria, mendacia coercean¬

590 2110 1056 85 tur: non autem ad bonos, & qui iam ſancti ſunt,

1395 2175 246 76 reforman¬
