1807 2677
475 178 344 73 CAPVT II.

1099 194 69 67 87

130 249 1043 76 quam hoc omnino perperam & peſſimè receptũ

123 307 1048 76 eſt vſquam gentium, vt ſit iuriſdictio vlla pars

126 367 1044 76 patrimonij, & reditus noſtri ac dominij, ſed tam

124 426 1044 72 latè patet & graſſatur in omnia auaritia, vt etiam

124 480 1043 79 res ſacratiſsimas, qualis eſt Magiſtratus, fecerit

126 547 1044 70 patrimoniales & in cenſu numeret : non autem

129 600 1041 72 virtuti & doctrinæ eorum, qui ſunt capaces eorũ

120 658 1045 69 munerum, tribuat. Vide quæ ſcribuntur can. Mu¬

123 718 812 86 lierem 33. quæſt.5. de hoc argumento.

191 835 976 90 13 Adam enim prior formatus eſt, de¬

118 901 264 86 inde Eua.

179 999 989 79 A’ιτιολoyίa eſt ſaperioris ſententiæ ab ordine

120 1064 1045 72 naturali ducta, quem Dominus Deus inter vtrũ¬

126 1122 1039 72 que ſexum conſtituit rerum initio, & ſtatim ab i¬

123 1180 1047 70 pſa vtriuſque creatione. Is autem fuit, vt pareret

120 1237 1048 76 mulier. Vir autẽ caput & ſuperior eſſet. Id quod

120 1296 1043 76 ex ipſo ordine creationis apparet. Adam enim,

123 1356 1038 74 qui eſt mas & vir, prior creatus eſt. Eua autem,

124 1417 1040 71 quæ eſt fœmina, poſterior. Sed tamen eodem die

121 1482 1044 64 vt docetur tum Geneſ. cap.I.verſ.27. tum 2.verſ.

121 1536 1042 64 18. Non tam autem ex natiuitatis ordine Paulus

120 1594 1044 67 argumentatur & probat virum ſuperiorem eſſe:

121 1652 1046 68 quàm ex fine creationis mulieris. Nam creata eſt

120 1711 1040 69 fœ mina, vt eſſet viro in adiutorium, & ad eum,

118 1768 1046 76 tanquam ſuum propriúmque finem reſpiceret.

124 1826 1040 71 Quæ autem ad finem aliquem deſtinantur illíq;

118 1884 1046 70 ſubſeruiunt, ſunt eo fine minora, inferiora, ac illi

120 1942 1045 71 ſubiecta. Id quod verum eſſe ratio omnis & natu¬

121 2000 1043 74 ralis & Philoſophica docet. Nam alioquin à ſolo

123 2059 1044 73 natiuitatis & productionis tempore, & ordine

124 2117 1044 91 ratio ducta nihil efficit & concludit. Piſces enim

859 2172 112 115 f.iiij.
