1807 2677
947.0 154.0 398.0 63.0 EPISTOLA.

621.0 218.0 1031.0 80.0 ctè conſtituendam regendámque ſuam

617.0 285.0 1044.0 85.0 Eccleſiam neceſſariam, quàm ſub veteri

618.0 355.0 1035.0 71.0 deſcripſerat. Id quod cùm ex variis aliis

620.0 422.0 1030.0 83.0 noui Teſtamenti locis apparet: tũ maxi¬

617.0 493.0 1038.0 75.0 mè ex libro Actorũ, ex prima Pauli epiſto¬

618.0 557.0 1034.0 82.0 la ad Corinthios, ex hac ad Timotheum,

618.0 626.0 1034.0 83.0 & vna illa, quæ eſt ad Titũ ſcripta:in qui¬

617.0 697.0 1036.0 82.0 bus omnibus quicquid ad legitimam Ec¬

617.0 768.0 1041.0 79.0 cleſiæ gubernationem, & diſciplinam Ec¬

615.0 834.0 1041.0 77.0 cleſiaſticam maximè pertinet, ſiue totam

618.0 901.0 1034.0 79.0 ipſam Eccleſiam, ſiue priuatos regendos

617.0 972.0 1035.0 77.0 ſpectes in qua illud totum accuratè & co¬

620.0 1036.0 1027.0 79.0 pioſè deſcriptum eſt. Vnde mirum & ab¬

614.0 1102.0 1039.0 83.0 ſurdum ſæpe mihi videri ſolet, quòd tot

617.0 1179.0 1032.0 74.0 poſtea canones, tot ſynodorum decreta,

612.0 1243.0 1038.0 79.0 tot Eccleſiæ conſtitutiones, tum genera¬

611.0 1311.0 1039.0 76.0 les, tum particulares ad conſtituendam

612.0 1377.0 1037.0 84.0 diſciplinam Eccleſiaſticam fuerunt con¬

609.0 1445.0 1040.0 85.0 ſcriptæ. Quid enim his fuit opus? Sed ma¬

615.0 1519.0 1025.0 76.0 gno contemptu & ignorantia eorum pre

611.0 1580.0 1045.0 85.0 ceptorum, quæ ab Apoſtolis ipſis, id eſt, à

609.0 1647.0 1040.0 84.0 Dei ſpiritu antea tradita fuerant id certè

608.0 1716.0 1038.0 85.0 factũ fuit, quòd hæc diuina præcepta ſper¬

608.0 1786.0 1036.0 74.0 nerẽt homines, vt ſua cõmenta, vt tradi¬

609.0 1851.0 1032.0 86.0 tiones, ſæpe etiã ineptiſſimas, at diſcipli¬

600.0 1922.0 1038.0 82.0 næ ipſo Dei verbo præſcriptæ contrarias

599.0 1985.0 1035.0 92.0 in Eccleſiam Deil inueherent. Quid igi¬

594.0 2061.0 1025.0 91.0 tur, dicet quis, éſtne verbo Dei, & in no¬

1539.0 2131.0 86.0 90.0 no
