1807 2677
971.0 154.0 361.0 64.0 EPISTOLA.

626.0 208.0 1069.0 92.0 In Dei metu officióque continuit: eſt de¬

635.0 281.0 1058.0 90.0 nique hæc eadem aduerſus enaſcentes

620.0 349.0 1072.0 91.0 hæreſes ſepes & munimentum validiſſi¬

623.0 413.0 1072.0 98.0 mum, aduerſus iam natas & infeliciſſimè

608.0 487.0 1082.0 94.0 pullulantes, tãquam aduerſus magica ve¬

612.0 553.0 1078.0 96.0 nena, remedium præſentiſſimum. Quan¬

611.0 624.0 1075.0 92.0 quam autem T. E. doctiſſimorũ virorum,

612.0 693.0 1084.0 93.0 imprimis autẽ generoſiſſimi præſtãtiſſimí

632.0 758.0 1056.0 94.0 que illius viri Ph. Marnixij Domini mõtis

612.0 825.0 1078.0 95.0 Sancti Aldegõdij, & fideliſſimi verbi Dei

612.0 895.0 1074.0 96.0 Miniſtri Taffini, (a quibus hȩc iſta diſcet)

624.0 968.0 1061.0 89.0 eruditiſſimis ſermonibus non caret, hæc

620.0 1030.0 1066.0 92.0 tamẽ in commune veſtrarum Eccleſia¬

618.0 1100.0 1070.0 95.0 rum commodũ, tanquã ſymbolum, & ipſe

630.0 1168.0 1058.0 96.0 pro virili volui cõferre, vt illæ intelligant

623.0 1235.0 1062.0 94.0 quantum pro T. E. & illis ipſis benè ex

617.0 1305.0 1063.0 91.0 animo velim, ac feliciſſima atque opti¬

617.0 1375.0 1060.0 94.0 ma quæque à Deo ardentibus votis exo¬

605.0 1442.0 1083.0 97.0 ptem. Tuæ verò virtuti, Princeps Illuſtri¬

618.0 1512.0 1061.0 89.0 ſime, quid non debeatur, cùm ab omnibus

615.0 1577.0 1062.0 94.0 fidelibus & Chriſtianis viris, tum verò

594.0 1644.0 1085.0 96.0 à noſtris Gallis, quorum ſalus & incolu¬

600.0 1714.0 1079.0 94.0 mitas ſemper ſummæ curæ fuit tibi, fratí¬

605.0 1783.0 1069.0 89.0 que tuo Illuſtriſſ. Comiti Ludouico ( cu¬

612.0 1853.0 1061.0 92.0 ius felix memoria nunquam caneſet, ac

609.0 1918.0 1053.0 91.0 ne ſeclis quidem innumerabilibus, cuius

606.0 1985.0 1062.0 91.0 vtriuſque & armis & prudentia Eccleſiæ

621.0 2050.0 1040.0 112.0 Gallicanæ ab aduerſariorum atrociſſimis
