1807 2677
538.0 185.0 303.0 64.0 CAPVT I.

1177.0 209.0 25.0 63.0 5

157.0 254.0 1050.0 74.0 autem debemus Patribus qui nos in Dei metu

154.0 318.0 1049.0 73.0 inſtruunt, quàm qui nos tantùm corpore gignũt.

157.0 374.0 1046.0 76.0 Nec quod paſtores dicantur patres noſtri in fide

154.0 437.0 1046.0 70.0 excuſat patres ipſos corporum & carnales, quò

156.0 496.0 1053.0 67.0 minus inſtituant liberos ſuos in vero Dei metu

154.0 551.0 1052.0 76.0 & pietate Deut.4. verſ.II.& II.V.I9. ſed differentia

156.0 617.0 1044.0 67.0 tamen oſtenditur inter vtrunque genus patrum,

157.0 672.0 1041.0 76.0 quorum alij ſunt nobis tãtùm ſpirituales Patres,

156.0 733.0 374.0 70.0 alij ſunt carnales.

218.0 780.0 979.0 81.0 Filij autem dicuntur, ait Auguſtinus contra

154.0 846.0 649.0 79.0 Adimantum cap.5. (Natura

496.0 904.0 374.0 70.0 aut ( Doctrina

608.0 963.0 288.0 73.0 Imitatione

154.0 1014.0 1052.0 77.0 Hîc & doctrinæ & imitationis ratione Timo¬

159.0 1078.0 1067.0 73.0 theus filius dicitur, non tantùm ætatis, vt tamen

154.0 1137.0 1026.0 76.0 putat Eraſmus. Salutatio eſt in his verbis poſita

157.0 1194.0 946.0 73.0 Gratia & hæc (Deo Patre noſtro

153.0 1256.0 547.0 67.0 Miſericordia (omnia (

156.0 1322.0 114.0 55.0 Pax

527.0 1320.0 76.0 61.0 à

639.0 1310.0 555.0 74.0 (Domino Ieſu Chriſto.

156.0 1369.0 1045.0 73.0 Miſericordia addita eſt hîc, vti in Epiſtola ad Ti¬

157.0 1438.0 1043.0 67.0 tum, præter ſtylum & communem morem Pauli,

154.0 1494.0 1049.0 72.0 quò magis ſuum erga Timotheum amorem te¬

151.0 1558.0 1052.0 66.0 ſtaretur, & ſe miro erga eum affectu impelli &

153.0 1610.0 1050.0 73.0 affici oſtenderet. Recto autem ordine & natura¬

153.0 1670.0 1060.0 73.0 li vtitur in his enumerandis Paulus, & progredi¬

154.0 1726.0 1050.0 75.0 tur à cauſis ad effecta. Eſt enim gratia cauſa mi¬

153.0 1784.0 1051.0 78.0 ſericordiæ, vt miſericordia ipſa cauſa pacis no¬

154.0 1845.0 1049.0 73.0 ſtræ. Eſt igitur gratia gratuita noſtri acceptatio,

159.0 1902.0 1045.0 77.0 quæ fit à Deo, quam ſequitur miſericordia, id eſt,

157.0 1966.0 1049.0 70.0 peccatorum noſtrorum remiſſio. Itaque vocem

154.0 2021.0 1052.0 73.0 miſericordiæ hic paſſiuè pro effecto, quod in

157.0 2082.0 1049.0 84.0 nobis apparet: non autem actiuè in Deo accipi¬

160.0 2141.0 109.0 85.0 mus

893.0 2196.0 118.0 85.0 a.iij.
