1807 2677
584.0 153.0 36.0 62.0 6

764.0 145.0 677.0 84.0 AD I. PAVL. AD TIM.

623.0 226.0 1001.0 71.0 Author autem tot & tantorum donorum eſt

571.0 281.0 1053.0 77.0 Deus Pater noſter, in & per Chriſtũ Dominum

574.0 340.0 1048.0 77.0 noſtrum, in quo omnes Dei promiſſiones & be¬

572.0 400.0 622.0 80.0 neficia ſunt, Amen & Etiam

652.0 519.0 29.0 78.0 3

725.0 522.0 891.0 81.0 Quemadmodum te ſum precatus vt

572.0 590.0 1050.0 83.0 permaneres Epheſi, quum proficiſcerer in

575.0 655.0 1049.0 81.0 Macedoniam, permaneto, vt denunties qui¬

574.0 724.0 987.0 85.0 buſdam ne diuerſam doctrinam doceant:

632.0 809.0 990.0 74.0 Secunda pars huius Epiſtolæ ſequitur, in qua

575.0 872.0 1047.0 69.0 de re ipſa & argumento eſt agendũ. Primũ autem

571.0 929.0 1047.0 68.0 occaſionem ſcribendi narrat, deinde rem ipſam

572.0 983.0 1050.0 78.0 aggreditur Paulus. Ex ipſa verò diſputatione ap¬

574.0 1047.0 1045.0 72.0 paret magnam partem eſſe hanc epiſtolam ἐπανωρ

572.0 1103.0 1043.0 70.0 θωτικήν & δειδακτικήν. Conſtat autẽ ſex capitibus,

572.0 1161.0 1047.0 68.0 quorum ſumma breuiter hac noſtra tabula com¬

574.0 1218.0 1048.0 74.0 prehenſa eſt. In ſumma in hac Epiſtola plena mi¬

572.0 1276.0 1049.0 72.0 niſterij Euangelici deſcriptio continetur, & diſci¬

574.0 1332.0 1047.0 82.0 plinæ Eccleſiaſticæ inſtitutio explicatióque. Nã

569.0 1396.0 1047.0 77.0 quæ ad particulares quæſtiones pertinent, ſuntq;

572.0 1454.0 1044.0 80.0 ſcitu neceſſaria videntur à Paulo tradita in Epi¬

572.0 1512.0 451.0 86.0 ſtola ad Corinthios.

1389.0 1632.0 235.0 85.0 Continet
