1807 2677
487.0 190.0 302.0 71.0 CAPVT I.

1137.0 220.0 47.0 54.0 9

130.0 252.0 1047.0 76.0 & quòd iam Galatæ, quæ erant vicinæ Eccleſiæ,

133.0 315.0 1047.0 71.0 abducti fuerant à ſynceritate & puritate doctri¬

132.0 374.0 1044.0 73.0 næ Euangelij per huiuſmodi pſeudofratres con¬

130.0 435.0 1052.0 73.0 cionatores & nebulones, qui aliter, quàm Apo¬

130.0 492.0 1049.0 79.0 ſtoli, Euangelij prætextu docebant. Quid ſit au¬

130.0 551.0 1050.0 67.0 tem ἑτεροδιδασκαλεῖν hic & inf cap. 6.V.3. varia eſt

130.0 614.0 1049.0 74.0 interpretum ſententia: ſed ex legitimi paſtoris

133.0 670.0 1044.0 75.0 definitione facilè tanquam ex contrario perſpi¬

130.0 727.0 1050.0 76.0 cietur. Illa autem definitio extat apud Matthæũ

129.0 786.0 1048.0 76.0 22.verſ.I6. vbi de Chriſto agitur. Eſt igitur verus

126.0 844.0 1044.0 78.0 Paſtor qui docet viam Domini in veritate, ídq;

121.0 902.0 1053.0 78.0 ſine perſonarum acceptione Malach.2. Ergo

126.0 962.0 1051.0 74.0 peccatur vel in Re & doctrina, vel in Forma &

123.0 1020.0 1053.0 76.0 modo docendi, quam ὑποτύπωσιν appellat Paulus

123.0 1079.0 1051.0 75.0 Timoth I.verſ.13. vel in Applicatione & vſu do¬

123.0 1136.0 1050.0 76.0 ctrinæ 2 Timot.2.verſ.15. Quibus omnibus vitiis

121.0 1194.0 1049.0 82.0 & modis aliquis ἑτεροδιδασκαλεῖ, id eſt peccat in

126.0 1252.0 233.0 73.0 docendo.

197.0 1369.0 967.0 95.0 Nec attendant fabulis & genealogijs

114.0 1441.0 1050.0 90.0 infinitis, quæ potius quæſtiones præbẽt, quam

120.0 1509.0 874.0 92.0 ædificationem Dei quæ est per fidem.

172.0 1604.0 992.0 85.0 Εʹξήγησις. Illuſtrat exemplo quod sup. verſic.

117.0 1670.0 1048.0 80.0 præcepit. Quid ſit nimirum ἑτεροδιδασκαλεῖν. Ex

118.0 1725.0 1052.0 80.0 hoc autem loco apparet non eos tantum in do¬

118.0 1786.0 1050.0 76.0 cendo peccare, qui falſa tradunt, ſed etiam eos

124.0 1847.0 1044.0 75.0 qui vana & inutilia. Denique qui non neceſſaria

116.0 1900.0 1052.0 80.0 curioſè & diu inquirunt & perſcrutantur. Cuiuſ¬

116.0 1960.0 1044.0 81.0 modi olim fuit genealogiarum percenſio, vel in¬

111.0 2019.0 1054.0 79.0 ueſtigatio. Hodie infinitæ quæſtiones quæ ſunt

113.0 2077.0 1048.0 80.0 in ſcholaſtica. Primùm de hypotheſi agamus, de¬

107.0 2135.0 1056.0 92.0 inde veniamus ad theſin. Ac falſa eſt eorũ inter¬
