1807 2677
431 185 339 70 CAPVT II.

1090 185 70 84 75

114 243 1043 88 eſt, vti Iſai.1.verſ.15. nimirum pro ipſo cordis af¬

116 309 1039 74 fectu, qui ad Deum erigi debet. Hic enim geſtus

113 367 1041 77 fauorem animi deſignat, quo preces ad Deum

111 426 1043 76 noſtras concipi debere ſignificat Apoſtolus: non

113 483 1041 77 quòd homines Chriſtianos huic cæremoniæ in

110 542 887 79 precandõ velit eſſe alligatos & aſtrictos.

165 602 986 76 Denique quæri etiam poteſt de tempore, quo

108 658 1044 75 preces concipi & fieri à Chriſtianis debent. Reſ.

110 721 1041 73 Quod quidem ad priuatas, non tantùm quoti¬

108 776 1043 77 die ſemel: ſed etiam & bis & ſæpius in die fieri o¬

105 840 1044 71 portere, nimirum mane & veſperi, cùm ſurgimus

105 895 1044 70 aut cubitum diſcedimus, vt omnes actiones no¬

105 953 1044 76 ſtræ à Deo incipiant & finiant. Id quod exemplo

105 1011 1043 67 Dauidis ita faciẽdum eſſe monemur Pſal.55 verſ.

107 1069 1041 74 18 & ſuo ſeculo in omnibus familiis factitatum

101 1125 1047 81 ſcribit diſertè hoc loco Chryſoſtomus. Quod

99 1191 1047 68 autem ad precationes publicas nulla fuit ante

102 1247 1044 72 Chriſtianos imperatores de eo lex in Eccleſia

102 1305 1041 72 conſtituta, cùm non auderent Chriſtiani homi¬

99 1365 1046 74 nes propter perſecutiones liberè cõuenire. Poſt

99 1423 1043 73 fancitam verò Eccleſiæ libertatem toties ora¬

102 1482 1041 76 runt, quoties ad audiendum Dei verbum, vel ad

104 1548 1038 67 Sacramentorum participationem colligebatur

98 1595 1042 78 Eccleſia, quia ſine precibus nunquam dimitteba¬

93 1661 1049 71 tur cœtus piorum, vti docent, & luſtinus Martyr

95 1714 1045 76 & Tertullian.in Apologet. & Socrates lib.5.cap.

95 1775 1045 70 I6. Certis tamen horis non erant precationes pri¬

93 1833 1046 75 mum inſtitutæ, alligatæ, & vinctæ: ſed creuit po¬

96 1890 1044 70 ſtea ſuperſtitio, & deuincta eſt certis horis oran¬

93 1948 1047 71 di conſuetudo & neceſſitas, etiam ſine publico

92 2006 1045 73 Eccleſiæ cœtu, & ſine predicatione verbi Dei. Id

95 2065 1038 75 quod docet Hieronymus ad Euſtochium, adeò

89 2128 1036 101 quidem, vt etiam ſioe conuocatione Eccleſiæ o¬
