1807 2677
661 154 70 91 48

826 136 698 97 AD I. PAVL. AD TIM.

697 212 996 94 Πρόθεσις quæ non modo ſuperius præceptum

639 269 1053 95 illuſtrat: ſed|etiam explicat. Addit enim illud i¬

642 334 1050 97 pſum, de quo magis aliqua & anceps quæſtio e¬

642 394 1048 96 rat pro ratione temporis, quia tum omnes penè

643 456 1050 91 magiſtratus: imprimis autem ſummus, qui erat

645 514 1045 85 Romanor. Imperator, erant & infideles, & per¬

645 566 1047 94 ſecutores Eccleſiæ. lubet tamen vt pro iis Magi¬

645 630 1050 86 ſtratibus precemur, non tantùm Summis, quales

645 685 1048 98 regum nomine ſignificãtur: ſed etiã lnferioribus,

648 746 1045 88 qui deſcribuntur ex eo, quod ſupra reliquũ popu

646 804 1050 95 lũ eminent Dubitari verò de iis maximè potuit,

651 865 1045 91 quòd Euangelicæ doctrinæ eſſent hoſtes, qualis

651 923 1048 85 Nero Imperat. diſſimilis locus 1. Teſſalon.2.v.

651 980 1048 98 16. vbi qui prædicationem Euangelij impediunt,

649 1041 1050 92 in manifeſtorum reproborum numero & albo

649 1102 1050 90 recenſentur. Deinde vetus Eccleſia preces con¬

652 1154 1047 93 cepit aduerſus Iulianum Apoſtatam imperatorẽ.

652 1212 1053 87 Sed ſolutio ex eo eſt, quod ii, de quibus agit

652 1276 1047 92 Paulus in Theſſal. cap. ſecundo non ignorantia,

652 1335 1050 91 non ſola infidelitate animi : ſed obſtinata pror¬

654 1395 1050 87 ſus malitia peccabant, & tanquam in Spiritum

652 1447 1055 96 ſanctũ, vti peccauit Iulia. Apoſtata. Diſtinguendí

657 1508 1047 93 verò ſunt qui hoc modo peccant ab iſtis, dequi¬

658 1574 571 87 bus agit Paulus hoc loco.

707 1624 1001 92 Similis locus eſt, Hier. 29. verſ. 7. orate pro

658 1689 1050 89 pace Babylonis. item orate pro iis qui vos per¬

657 1747 1053 89 ſequũtur. Denique vetus mos Eccleſię idem pro¬

658 1805 1053 85 bat, in qua pro Imperatoribus & præſidibus pro¬

658 1864 1052 76 uinciarum, quanquam eam affligerent, orabatur,

663 1921 1051 86 quemadmodum ſcribit in Apologet. Tertullia.

664 1986 391 73 & Iuſtin. Martyr.

719 2028 998 89 Donatiſtæ tamen contrà diſputant, quòd Im¬

663 2092 1056 109 peratoris edictoipœna in eos, ſi in errore perſta¬

1594 2168 126 80 rent,
