1807 2677
611.0 157.0 37.0 61.0 2

608.0 220.0 218.0 77.0 priuatos.

664.0 264.0 992.0 85.0 Quæ fuerit autem huius Epiſtolæ ad Timo¬

608.0 330.0 1051.0 76.0 theum ſcribendæ ratio, & occaſio facile ex ipſo

609.0 389.0 1052.0 79.0 Paulo verſs.3.intelligitur, nimirum, quòd iam qui¬

608.0 449.0 1051.0 78.0 dam ſanam Euangelij doctrinam, ab ipſo Paulo

609.0 505.0 1050.0 77.0 & alijs Fidelibus Chriſti Miniſtris traditam, &

609.0 566.0 1052.0 79.0 explicatam variè corrumperent tum in Subſtã¬

608.0 624.0 1050.0 79.0 tia ipſa & doctrina, tũ in Modo & forma illius tra¬

609.0 687.0 1049.0 69.0 dendæ. Cui malo vt maturè occurreret Paulus,

617.0 748.0 1041.0 74.0 Timotheum monet quid opus ſit facto, non tam

611.0 801.0 1047.0 86.0 ipſius quidem gratiâ, quàm aliorum, id eſt, iſto¬

611.0 865.0 1005.0 71.0 rum doctrinam veram & ſanam deprauantium.

667.0 917.0 989.0 82.0 Quando ſcripta fuerit infra cap. hoc ipſo verſ.

615.0 977.0 1043.0 84.0 3. Vnde ſcripta ſit in fine huius Epiſtolæ dicetur,

611.0 1044.0 398.0 68.0 Domino fauente.

670.0 1090.0 989.0 81.0 Diuiditur autem totum corpus, & σύνταγμα

608.0 1154.0 1050.0 83.0 huius Epiſtolæ in duas tãtùm partes, nempe, Sa¬

606.0 1213.0 1052.0 80.0 lutationem, & argumenti ſuſcepti tractationem.

611.0 1274.0 1048.0 83.0 Epilogo enim, id eſt, poſtrema illa parte caret, in

612.0 1331.0 1049.0 80.0 qua variæ ſalutationes eſſe ſolẽt, quæ in alijs tamẽ

611.0 1389.0 1047.0 86.0 Epiſtolis extant, quæ hoc loco non erant neceſ¬

609.0 1454.0 152.0 80.0 ſariæ.

672.0 1506.0 984.0 88.0 Salutatio autem hæc tria continet vbique, ni¬

611 1628 163 74 mirum

785 1568 352 80 (Quis ſcribat

798 1621 457 94 (Ad quem ſcribatur

786.0 1690.0 533.0 75.0 (Summam precationis

611.0 1745.0 657.0 78.0 Ergo quæritur, quis ſeribat?

615 1853 159 90 Scribit

776.0 1808.0 662.0 71.0 ( Plaulus, perſonam deſignat

783 1860 771 80 ( Apoſtolus, munus ſuum deſcribit

779.0 1924.0 876.0 71.0 (Plus eſt enim dixiſſe Apoſtolũ, quàm

611.0 1980.0 1047.0 81.0 ſeruum Dei ſimpliciter, quod alibi facit. Chry¬

612.0 2047.0 641.0 72.0 ſoſto. hoc annotat

664.0 2099.0 992.0 90.0 Apoſtolum autem ſe vocat, & Ieſu Chriſti:nõ

809.0 147.0 700.0 77.0 AD I. PAVL. AD TIM.

1430.0 2165.0 228.0 77.0 hominum
