1807 2677
468 200 328 65 CAPVT II.

1113 209 71 69 83

144 261 1041 78 vt mulieres ipſæ in cœtu mulierũ docerent, non

142 327 1041 73 autẽ cum viris ad preces & cõciones cõuenirent.

197 383 985 76 Denique quod de Pepuzianorum hæreticorũ

139 441 1044 72 ſecta, & ſententia dici poſſe videtur habet fa¬

139 495 1040 77 cilem reſponſionem. Voluerunt illi quidem,

136 557 1047 75 ſed hæretici, mulieres eſſe poſſe? & presbyte¬

135 615 1044 66 ridas in Eccleſia, & docere, & Sacramenta quo¬

141 676 1041 75 que adminiſtrare (id quod hodie Papiſtę ex Mar¬

135 733 1045 73 cionitarum dogmate obſtetricibus in caſu neceſ¬

133 789 1038 75 ſitatis concedunt, vt nimirũ paruulos baptizarẽt)

142 849 1037 73 Verùm propterea ab omnibus orthodoxis ſunt

135 905 1041 79 Pepuziani damnati, atque etiam Synodo Char¬

132 971 926 59 taginenſi a. vt diximus, & meritiſsimò.

150 1026 1033 74 Hoc autem præceptum Pauli locum habet, dũ

132 1082 1041 76 ſunt in cœtu publico mulieres: non autem cùm

126 1140 1047 76 ſunt domi ſuæ, quia familiã ſuam inſtituere poſ¬

127 1198 1043 81 funt priuatim, maximè ſi deſit paterfamiliâs, &

127 1265 1041 73 ſint viduæ. Nam tunc precari Deum, & docere

130 1319 1001 74 ſuos liberos Dei metum, & poſſunt & debent.

139 1375 1031 79 Requirit autem Paulus & ſilentium, ne vices

126 1432 1039 84 loquendi ſibi dandas eſſe putent mulieres, quan¬

127 1493 1037 78 quam fortaſſe, modeſtiæ cauſa primæ, in Eccle¬

121 1555 1046 76 ſia loqui nollent. Deinde ab iiſdem ſubiectionẽ

124 1613 1043 76 poſtulat, ne putent æquum, vt propter maritorũ

118 1674 1046 71 ſuorum dignitatem & opes:vel propter etiam fa¬

117 1728 1047 70 miliam ſuam ipſæ ſaltem ſecundum Paſtores &

118 1784 1043 70 Miniſtros verbi Dei aliquod munus Eccleſiaſti¬

118 1847 1039 73 cum gerant. Hoc enim illis prorſus interdictum

116 1902 1041 71 eſt à Spiritu ſancto. Huius autem prohibitionis

121 1958 1033 85 variæ ſunt rationes, quas affert Paulus ſequentib.

117 2018 238 68 verſiculis.

191 2131 972 98 12 Mulieri enim docere non permitto,

880 2205 89 88 f.ij.
