1807 2677
632 206 77 76 54

828 175 672 89 AD I. PAVL. AD TIM.

629 239 1048 111 putet contempto ſpretóque Euangelio ſalutem

627 298 1052 105 æternam conſequi poſſe, ad quam ſola fides eſt

630 358 1047 104 via. Id quod tamen hodie multi factitant, quà

632 423 1045 100 quẽque in ſua, quam vocant, religione ſaluum

633 478 1046 100 fieri ſentiunt. Quæ fuit Rethorianorum hæreſis,

632 541 1045 97 nunc autem eſt Turcarum impiiſſima ſententia.

694 597 983 90 Variè verò de horum verborum. Vult Deus

636 654 1046 105 omnes ſaluos fieri ſenſu quæſitum eſt, quemad¬

636 718 1043 98 modum ex Auguſtino apparet in Enchirid. cap.

636 774 1047 98 1o3. Primùm enim videntur Libertiniſtarum, &

635 838 1050 95 Origeniſtarum errorem confirmare, qui negant

638 895 1045 95 vllum hominem eſſe à Deo damnandum, & æ¬

641 950 1042 102 terna morte puniendum. Deinde etiam fauere

642 1008 1047 102 eorum errori, qui reprobationem Dei prorſus

641 1064 1047 101 tollunt, quaſi omnes homines ſint à Deo electi,

641 1125 1047 94 nulli autem roprobati. Denique hoc ipſo loco

645 1179 1048 104 perperam explicato ſe tuentur & Pelagiani, qui

642 1240 1048 105 liberum ad vtranque benè & malè agendi ele¬

643 1302 1052 90 ctionem arbitrium in nobis ſtatuunt: & Semipe¬

645 1357 1051 107 lagiani quoque, qui Dei gratiã de congruo quam

646 1429 1047 90 appellant, cum libero noſtro arbitrio tanquam

633 1476 1060 93 duo ſimul & æqualiter cooperantia in benè agẽ¬

646 1542 1059 95 do coniungunt. Hi verò errores omnes, ex eo

649 1595 1049 91 naſcuntur, quòd vox ipſa omnes, non rectè ſu¬

648 1659 1051 92 mitur hoc loco. Ac Scholaſtici quidem nonnun¬

649 1711 1052 93 quam ita ſentiunt ideo omnes dici à Deo ſaluos

649 1769 1053 100 fieri quia dedit Deus omnibus hominibus natu¬

646 1829 1052 99 ram per nos ordinabilem ad felicitatẽ vt loquun¬

648 1891 1054 88 tur. Contrà verò noſtra felicitas non ex naturæ

648 1951 1053 92 noſtræ conditione, ſed ex mera Dei gratia pen¬

648 2006 1054 99 det, & eatenus ordinabilis eſt ad eam noſtra na¬

648 2062 1053 103 tura, quatenus Deus ipſe nos ita fingit, deſtinat,

645 2122 1051 116 & ordinat: non autem quatenus reliquis homi¬

1545 2190 150 73 nibus
