1807 2677
475 178 366 62 CAPVT II.

1088 182 101 83 65

214 246 972 90 8 Velim igitur viros precari in quouis

136 310 1043 98 loco, puras manus attollentes abſque ira &

133 385 345 87 diſceptatione.

178 474 1001 92 Hic verſiculus varia capita complectitur, quà

132 545 1047 81 ad orationem pertinent, quæque breuiter quidẽ

130 602 1046 76 ſed commodè Paulus hîc tradit. Tria enim com¬

132 660 1047 86 prehenſa ſunt. 1 Quo animi affectu ſeu præpa¬

130 721 1049 82 ratione orandum ſit. 2 In quo loco. 3 Quo

133 774 142 78 geſtu.

187 825 992 92 Sunt autem hæc præ cepta non Pauli, fed Dei.

124 896 1053 79 Itaque vox βούλομαι non priuatum quoddam hu¬

127 954 1050 79 manæ mentis commentum ſignificat, vti nec 1.

127 1012 1049 79 Corinth. 1o. verſ.1. ſed praxin horum præcepto¬

124 1070 1053 79 rum à ſe ſeriò requiri docet his verbis Paulus, ſi¬

124 1134 1050 82 ne qua non poteſt probari, & Deo grata eſſe no¬

123 1189 254 61 ſtra oratio.

182 1243 986 85 Ac quod ad præparationem (nec enim illotis

121 1304 1047 79 manibus & impræmeditati àd Deum orandum

126 1362 1045 86 debemus accedere) duo imprimis requirit à no¬

121 1418 1047 88 bis, Sanctitatem ſiue puritarem vitæ, & Fidem.

133 1482 1037 84 Sanctitatem autem illam vitæ deſignat & de¬

116 1540 1049 82 ſcribit ab enumeratione partium, nempe à Ma¬

114 1603 1054 80 nuum ſanctitarte & puritate, & à cordis charita¬

116 1658 1063 85 te. Vult enim & manus noſtras (id eſt, opera ex¬

117 1717 1050 81 terna) eſſe ſanctas, vt eſt Iſai.1.verſ.13.& corda ab

117 1778 1051 81 omni in proximum ira & irritatione vacua, vt eſt

114 1829 1050 88 Matth.6. verſ.15.5. verſ.24. Vera enim ſanctitas

116 1894 1044 81 tum externis, tum etiam internis operibus con¬

114 1948 1047 88 ſtat, & definienda eſt: & impiũ eſt, ſi quis vel ani¬

118 2007 1042 88 mo vel opere ipſo ſceleratus & profanus ad Deũ

120 2071 1043 79 orandum accedat, ſine animi pœnitentia & re¬

114 2125 1046 96 Iipiſcentia Pſal.5.verſ.6. Id quod etiam homines

883 2198 85 77 e.j.
