1807 2677
652 147 94 83 80

840 129 678 94 AD I. PAVL. AD TIM.

649 202 1046 98 pſo corpore noſtro velut cincinni, vel Circa cor¬

649 270 1047 91 pus, qualis eſt veſtitus: cultus noſter nimius quem

649 325 1046 88 damnat, ſiue ille ſit nimius ratione Materie, velu¬

651 382 1047 90 ti quia ſumptuoſior, vel Additæ exquiſitæque

649 446 1049 78 lautit iæ, venuſtatis, aut operæ manus. Ad primum

654 501 1045 86 pertinet ἰματισμὸς πολυτελής. Palliola enim illa fe¬

655 562 1044 84 re eſle ſolebant ſumptuoſiſſima, magnique pre¬

655 621 1046 88 tij, vt ex diſputatione Hieronym. aduerſ. Iouinia.

654 676 1047 91 intelligitur, purpurea ſcilicet. Ad ſecundum mẽ¬

654 739 1050 90 brum, & ad exquiſitas lautitias veſtitus pertinent

654 800 1048 86 ornamenta margaritarum, auri, & phrygionicæ

657 856 1048 85 operæ quæ adduntur. Irẽ torques, armillæ, annu¬

660 911 1045 88 li, &c. huiuſmodi de quibus Tertullianus lib. de

657 968 1047 90 Habitu mulierum: & Cyprianus quoque. Et pul¬

658 1030 1047 91 chra eſt veráque illa Plauti ſententia in Moſtell.

660 1100 302 79 ſcen.3.Act.1.

716 1140 992 92 Poſtea nequaquam exornata eſt benè, ſi mo¬

660 1215 309 78 rata eſt malé.

718 1261 992 93 Pulchrum ornatum turpes mores peius cœno

664 1338 234 76 collinunt.

722 1375 991 95 Sed tamen, nequa hîc ſuperſtitio naſcatur, auri

666 1441 1047 86 vſum prorſus non damnat Paulus, quemadmodũ

666 1500 1047 83 nec margaritarum: vti nec Petrus Palliorum. ſed

667 1563 1046 81 tantum nimiam in iis laſciuiam, arrogantiam,

669 1618 1044 84 ſumptum, faſtum, immodoſtiæque plenam cultus

669 1676 1045 86 muliebris rationem & Chriſtianis indecoram.

670 1737 1047 83 Quanquam enim longè potius animi in muliere

669 1792 1048 84 diſſoluti aut ſuperbi ratio habenda eſt, quàm ex¬

670 1854 1047 82 terni ornatus: tamen nec externus iſte cultus, qui

670 1909 1053 89 impudicitiam aut proteruiam redolet, maléque

672 1973 1050 79 modeſtæ mulieri & probæ conuenit, tolerandus

673 2027 1049 86 eſt. Ac de ea ipſa re ſunt leges ſumptuariæ à Ma¬

679 2085 1046 102 giſtratibus Chriſtianis ferendæ. Quæ luxu etiam

1597 2150 135 89 vetus
