1807 2677
615 149 49 94 38

795 144 705 88 AD I. PAVL. AD TIM.

600 217 1056 89 vbi duodecim Sacerdotes circunſtant Epiſcopũ,

597 284 1067 86 & lucernas ardentes habent, quas in terram proii¬

597 340 1062 89 ciunt. vide canon. Debent duodecim Sacerdotes

597 413 256 83 1I. quæſt.3.

989 633 333 80 CAP. II.

820 696 837 122 DHORTOR igitur ante omnia

809 791 850 87 vt fiant deprecationes, preces, po¬

818 865 846 87 ſtulationes, gratiarum actiones pro

602 931 547 90 quibuſ uis hominibus.

633 1042 1020 88 Tranſitio eſt ad alteram Euãgelici muneris

605 1105 1053 90 partem, quæ eſt publicarum precum pro quoli¬

605 1168 1054 79 bet hominum genere conceptio & profuſio co¬

599 1222 1063 85 ram Deo. Quæ diſputatio commodè ſubiicitur

600 1281 1061 85 tum ad ſuſceptum argumentum, quia paſtorem

600 1339 1062 87 Eccleſiæ de omnibus ſui muneris partibus Pau¬

602 1399 1057 85 lus informat:tum etiam ad ſuperiorem conclu¬

602 1458 1057 82 ſionem, quia hoc ipſum eſt optimum pietatis

605 1515 1056 80 Chriſtianę exercitium, & veræ fidei conſeruandæ

605 1577 1054 76 modus tutiſſimus. Precibus enim impetramus à

602 1634 1059 85 Deo, vt in ſana ipſius doctrina & metu pergamus

603 1698 1055 77 confirmemur, & creſcamus. Hoc autem loco &

605 1751 1054 81 capite Paulus breuiter complexus eſt, quæcun¬

606 1809 1053 82 que de oratione ſiue precibus Chriſtianorum

605 1873 1053 78 quæri poſſunt. I Quæ ſit, & quot eius genera.

603 1927 1055 82 2 A quibus ſint preces fundendæ. 3 Pro quibus

605 1986 1051 87 4 Vbi ſiue quo in loco. 5 Quando. 6 Quomo¬

600 2046 1053 79 do & qua cum animi reuerentia, & totius cœtus

597 2099 1056 116 decoro: quæ ſingula ſuis locis à nobis (Domino

1491 2166 158 102 dante)
