1807 2677
904.0 148.0 424.0 64.0 EPISTOLA.

632.0 209.0 1042.0 83.0 & poteſt. Itaque cùm hominum conſciẽ¬

629.0 281.0 1054.0 86.0 tias immutare, inflectere, ad Deũ adduce.

630.0 343.0 1053.0 97.0 re, huius diſciplinæ eccleſiaſticæ propoſi¬

632.0 417.0 1047.0 87.0 tũ ſit & finis, quomodo, quáue via id fieri

632.0 486.0 1039.0 88.0 rectè poſſit, à nemine, præterquàm ab vno

635.0 553.0 1042.0 90.0 Deo præſcribi, definiríue poteſt, quia ſo¬

633.0 621.0 1041.0 88.0 lus ille eas fabricatus eſt: ſolus quomodo

633.0 691.0 1041.0 85.0 eæ regendæ, flectendæ, ac immutandæ

633.0 758.0 1041.0 92.0 ſint, nouit, ſolus earũ dominus eſt. Ipſius

633.0 825.0 1040.0 94.0 enim ſolius templa & ſedes ſunt noſtræ

633.0 896.0 1038.0 88.0 conſcientiæ. Vnde velle ab alio, & mor¬

633.0 963.0 1040.0 86.0 tali quidem homine, leges inflectendæ, &

632.0 1033.0 1041.0 85.0 conuertendæ noſtræ cõſcientiæ propter

633.0 1099.0 1037.0 81.0 Dei verbum habere, eſt hallucinari velle,

633.0 1167.0 1041.0 86.0 eſt operam perdere, eſt ſummam iniuriã

633.0 1234.0 1035.0 89.0 Deo (qui ſibi vni hoc totum ius reſerua¬

632.0 1304.0 1038.0 92.0 uit )inferre. Poſſunt igitur Reges, regúm¬

635.0 1374.0 1036.0 92.0 que conſiliarii, viri prudẽtes, leges de pu¬

632.0 1442.0 1036.0 88.0 blica inter ipſos ciues pace tuenda dicta¬

629.0 1513.0 1041.0 84.0 re & commentari: leges autem de con¬

629.0 1577.0 1039.0 90.0 ſcientię hominum regendę, aut inflecten¬

630.0 1647.0 1041.0 87.0 dæ ratione & modo (præter eas, quæ Dei

633.0 1716.0 1040.0 86.0 verbo præſcriptæ ſunt) nouas cogitare &

629.0 1783.0 1042.0 86.0 comminiſci, denique de legitima eorum

632.0 1848.0 1039.0 89.0 qui eccleſiam (id eſt domũ, Dei nõ ipſorũ

629.0 1921.0 1045.0 83.0 Regum gubernant) vocatione pręter Dei.

630.0 1986.0 1041.0 91.0 i. ipſius Domini domus voluntatem le¬

635.0 2056.0 1036.0 101.0 ges inquam & regulas condere & ſancire

1531.0 2128.0 140.0 89.0 certè
