1807 2677
654 156 113 70 82

817 133 710 87 AD I. PAVL. AD TIM.

654 206 1051 86 tus eſt, vt ſit earum animus placidus & quietus,

651 267 1056 88 nullíſque vitijs expugnari poſsit. Rationem au¬

654 325 1051 79 tem addit ab officio ductam. Nempe, quòd ho¬

655 383 1052 86 neſta & ſancta opera verè Chriſtianas mulieres

655 443 1049 84 & religionem profitentes deceant: non autem il¬

658 501 1056 83 le externus veſtitus, quo pudor omnis ab illis

660 563 907 85 proiectus & conculcatus videtur exulare.

722 673 991 101 11 Mulier cum ſilentio diſcito cum o¬

660 755 421 83 mni ſubiectione.

718 850 990 83 Alterum & ſecundum de mulieribus Chriſtia¬

661 922 1046 78 nis præceptum, quod ad Eccleſiæ publicíque

658 978 1050 80 cœtus politiam & decorum pertinet, Ne in eo lo¬

652 1038 1056 75 quantur, ſed ſileant, & diſcant. Similis huic locus

658 1090 1047 86 eſt. 1.Corinth.14.verſ.34. Id quod etiam conſilio

660 1152 1044 82 Chartaginenſi cap.95. conſtitutum eſt, refertúrq;

660 1210 1048 85 canon. mulier diſtinct. 23. quantumuis docta &

663 1271 400 83 pia ſit iſta mulier.

722 1320 985 86 Diſsimilia tamen exempla vidẽtur afferri poſ¬

664 1386 1041 81 ſe. De Debora Iudic. cap. 4. & Olda mulieribus

666 1448 1042 83 prophetiſsis 2.Reg. 22. verſu 14. quæ in Eccleſia

664 1506 1044 80 docuerunt. Sed reſponſio parata eſt, illa nimirum

666 1566 1044 81 exempla planè eſſe extraordinaria, itaque hæc

667 1624 1043 74 Pauli præcepta minimè immutare. Affertur etiã

666 1679 1041 77 illud quod Euſeb.lib. 1.devita Conſtantini ſcri¬

669 1737 1038 87 pſit, mulieres eligere è ſuo ſexu ſolitas fuiſſe ali¬

666 1799 1042 79 quas, quæ eas docerẽt ne in publicis cõgreſſioni¬

666 1857 1036 73 bus cõuenirent cũ viris, quod Licinij imperato¬

666 1911 1041 84 ris Rom. edicto, & lege in Syria ſimul cum viris

666 1972 1048 81 cõgregari & cõuenire vetabãtur. Sed reſponde¬

666 2033 1045 77 mus, Illud præter morẽ Eccleſiæ, & præter Dei

667 2088 1040 96 præcepta iuſſum eſſe à Licinio homine profano,

1655 2156 56 79 vt
