<?xml version="1.0" encoding="UTF-8"?>
<alto xmlns:xsi="http://www.w3.org/2001/XMLSchema-instance"
      xmlns="http://www.loc.gov/standards/alto/ns-v4#"
      xsi:schemaLocation="http://www.loc.gov/standards/alto/ns-v4# http://www.loc.gov/standards/alto/v4/alto-4-2.xsd">
  <Description>
    <MeasurementUnit>pixel</MeasurementUnit>
    <sourceImageInformation>
      <fileName>2012899.png</fileName>
    </sourceImageInformation>
  </Description>
  <Tags>
    <OtherTag ID="BT10" LABEL="DropCapitalZone" DESCRIPTION="block type DropCapitalZone"/><OtherTag ID="BT11" LABEL="GraphicZone" DESCRIPTION="block type GraphicZone"/><OtherTag ID="BT12" LABEL="MainZone" DESCRIPTION="block type MainZone"/><OtherTag ID="BT13" LABEL="MarginTextZone" DESCRIPTION="block type MarginTextZone"/><OtherTag ID="BT15" LABEL="NumberingZone" DESCRIPTION="block type NumberingZone"/><OtherTag ID="BT17" LABEL="QuireMarksZone" DESCRIPTION="block type QuireMarksZone"/><OtherTag ID="BT18" LABEL="RunningTitleZone" DESCRIPTION="block type RunningTitleZone"/><OtherTag ID="BT22" LABEL="TitlePageZone" DESCRIPTION="block type TitlePageZone"/>
    <OtherTag ID="LT7" LABEL="CustomLine" DESCRIPTION="line type CustomLine"/><OtherTag ID="LT8" LABEL="DefaultLine" DESCRIPTION="line type DefaultLine"/><OtherTag ID="LT9" LABEL="DropCapitalLine" DESCRIPTION="line type DropCapitalLine"/><OtherTag ID="LT10" LABEL="HeadingLine" DESCRIPTION="line type HeadingLine"/><OtherTag ID="LT62" LABEL="CustomLine : BiblicalText" DESCRIPTION="line type CustomLine : BiblicalText"/>
  </Tags>
  <Layout>
    <Page WIDTH="1807"
          HEIGHT="2677"
          PHYSICAL_IMG_NR="15"
          ID="eSc_dummypage_">
      <PrintSpace HPOS="0"
                  VPOS="0"
                  WIDTH="1807"
                  HEIGHT="2677">
        <TextBlock HPOS="371.179"
                   VPOS="168.789"
                   WIDTH="439.246"
                   HEIGHT="54.678000000000026"
                   ID="block_0"
                   TAGREFS="BT18">
          <Shape><Polygon POINTS="371.179 168.789 810.425 168.789 810.425 223.467 371.179 223.467 371.179 168.789"/></Shape>
          <TextLine ID="eSc_line_973fdd17"
                    TAGREFS="LT10"
                    BASELINE="389 208 801 208" 
                    HPOS="389.0"
                    VPOS="166.0"
                    WIDTH="412.0"
                    HEIGHT="60.0">
            <Shape><Polygon POINTS="776 171 761 171 746 171 745 171 743 172 742 172 737 172 730 171 716 171 701 171 687 169 682 169 681 171 676 172 672 169 657 169 645 169 641 174 519 174 511 168 508 168 493 168 478 166 464 166 449 166 434 166 419 166 404 166 389 169 389 208 389 226 801 220 801 208 801 182 791 174"/></Shape>
	    <String CONTENT="EPISTOLA."
                    HPOS="389.0"
                    VPOS="166.0"
                    WIDTH="412.0"
                    HEIGHT="60.0"
                    WC="0.999937031004164"></String>
          </TextLine>
        </TextBlock>
        <TextBlock HPOS="77.1041"
                   VPOS="237.56"
                   WIDTH="1070.9759"
                   HEIGHT="1926.4700000000003"
                   ID="block_1"
                   TAGREFS="BT12">
          <Shape><Polygon POINTS="77.1041 237.56 1148.08 237.56 1148.08 2164.03 77.1041 2164.03 77.1041 237.56"/></Shape>
          <TextLine ID="eSc_line_4ac5127d"
                    TAGREFS="LT8"
                    BASELINE="83 290 1136 287" 
                    HPOS="81.0"
                    VPOS="230.0"
                    WIDTH="1055.0"
                    HEIGHT="88.0">
            <Shape><Polygon POINTS="1107 236 1093 236 1078 234 1076 234 1051 246 858 246 835 234 829 232 828 232 826 232 825 232 823 232 820 234 807 246 740 246 715 245 704 234 700 232 700 230 699 230 697 230 623 230 621 230 620 230 618 230 612 234 603 242 585 234 578 232 577 232 527 232 526 232 524 232 517 234 489 246 462 234 461 234 459 234 458 234 456 234 455 234 416 248 334 248 316 234 312 232 310 232 309 232 206 232 205 232 203 232 202 232 199 234 193 240 182 234 174 232 172 232 171 232 87 234 81 242 83 290 83 310 117 306 123 310 130 316 132 316 133 316 135 318 221 318 221 316 223 316 242 310 254 306 261 310 272 315 273 315 275 315 300 309 312 307 322 309 358 316 359 316 465 309 502 306 523 307 591 316 593 316 594 316 611 307 615 306 691 306 691 307 701 315 703 315 704 315 706 315 764 306 770 306 774 306 812 315 813 316 962 316 962 315 1134 303 1136 287 1133 239 1122 236"/></Shape>
	    <String CONTENT="legiſlatioque ſanè quidẽ pertineat neceſ¬"
                    HPOS="81.0"
                    VPOS="230.0"
                    WIDTH="1055.0"
                    HEIGHT="88.0"
                    WC="0.993111446846363"></String>
          </TextLine>
          <TextLine ID="eSc_line_c48094ab"
                    TAGREFS="LT8"
                    BASELINE="84 356 1136 352" 
                    HPOS="83.0"
                    VPOS="303.0"
                    WIDTH="1053.0"
                    HEIGHT="82.0">
            <Shape><Polygon POINTS="84 356 84 374 257 374 260 376 272 385 273 385 275 385 276 385 364 376 379 374 383 376 403 383 404 383 406 383 407 383 434 376 446 373 471 376 532 383 533 385 724 385 724 383 759 376 770 374 773 376 780 382 782 382 783 382 785 383 871 383 871 382 873 382 887 376 901 371 968 376 1042 382 1044 382 1134 376 1136 352 1133 316 1079 306 1078 306 1076 306 1055 315 1055 316 960 316 959 315 948 306 947 306 945 306 944 306 942 306 916 315 913 315 911 315 865 304 864 304 862 304 861 304 846 315 844 316 804 316 803 315 788 303 786 303 785 303 783 303 782 303 751 313 742 316 706 313 626 307 624 307 585 313 566 316 560 313 547 304 545 304 544 304 542 304 455 312 444 304 443 304 441 304 440 304 368 306 367 306 342 312 318 319 227 319 218 312 212 306 211 306 209 306 208 306 206 306 188 312 172 316 153 312 130 306 129 306 127 306 83 310 84 356"/></Shape>
	    <String CONTENT="ſe eſt, quia ille ſolus Eccleſiæ, &amp; cœtus i¬"
                    HPOS="83.0"
                    VPOS="303.0"
                    WIDTH="1053.0"
                    HEIGHT="82.0"
                    WC="0.993164296854626"></String>
          </TextLine>
          <TextLine ID="eSc_line_2ebc444b"
                    TAGREFS="LT8"
                    BASELINE="84 426 1127 420" 
                    HPOS="83.0"
                    VPOS="370.0"
                    WIDTH="1044.0"
                    HEIGHT="82.0">
            <Shape><Polygon POINTS="84 426 84 443 343 452 345 452 438 441 446 441 452 441 541 450 542 450 602 440 611 440 618 440 675 449 676 449 678 449 679 449 690 440 823 440 829 440 843 447 844 447 846 447 847 447 893 438 899 438 917 438 1087 447 1088 447 1090 447 1127 437 1127 420 1125 383 1103 371 1102 371 1100 371 1032 382 1021 373 1020 373 1018 373 962 370 960 370 959 370 935 382 932 383 929 382 911 374 910 374 908 374 853 380 759 371 758 371 757 371 755 371 740 380 731 386 603 386 550 379 536 377 535 377 533 377 532 377 530 379 522 388 481 388 468 379 461 373 459 373 458 373 429 373 428 373 426 373 425 373 420 377 408 386 373 377 358 374 356 374 355 374 353 374 353 376 350 377 339 388 252 386 236 376 232 374 230 374 229 374 83 374 84 426"/></Shape>
	    <String CONTENT="ſtius Rex eſt, dominus, moderator &amp; legi¬"
                    HPOS="83.0"
                    VPOS="370.0"
                    WIDTH="1044.0"
                    HEIGHT="82.0"
                    WC="0.98254879218776"></String>
          </TextLine>
          <TextLine ID="eSc_line_8ea657d8"
                    TAGREFS="LT8"
                    BASELINE="83 492 1139 495" 
                    HPOS="81.0"
                    VPOS="438.0"
                    WIDTH="1058.0"
                    HEIGHT="75.0">
            <Shape><Polygon POINTS="83 492 81 513 1137 513 1139 495 1137 453 1079 453 1078 452 1058 443 1057 443 1055 443 996 450 993 450 972 441 971 441 936 441 935 441 933 441 932 441 920 449 917 452 908 449 880 441 878 441 877 441 840 449 819 452 795 447 759 441 722 441 721 441 719 441 718 441 710 446 701 452 641 446 611 443 609 443 597 444 569 450 535 444 511 440 510 440 493 443 464 452 340 452 281 440 273 440 272 440 270 440 269 440 243 452 147 452 133 440 132 440 130 440 83 438 83 492"/></Shape>
	    <String CONTENT="ſlator, idémque ſolus conſcientiarũ noſtra¬"
                    HPOS="81.0"
                    VPOS="438.0"
                    WIDTH="1058.0"
                    HEIGHT="75.0"
                    WC="0.979895425113765"></String>
          </TextLine>
          <TextLine ID="eSc_line_4282aed0"
                    TAGREFS="LT8"
                    BASELINE="86 563 1134 563" 
                    HPOS="86.0"
                    VPOS="510.0"
                    WIDTH="1048.0"
                    HEIGHT="81.0">
            <Shape><Polygon POINTS="86 563 86 585 251 591 252 591 254 591 266 585 273 582 336 582 345 585 356 590 358 590 359 590 361 590 379 585 391 582 410 585 450 591 452 591 484 585 501 582 532 585 606 591 608 591 609 591 638 584 648 582 670 584 737 591 739 591 740 591 742 591 751 584 752 584 768 590 770 590 771 590 806 584 817 582 820 584 832 590 834 590 835 590 884 584 899 582 905 584 932 591 933 591 935 591 936 591 954 584 957 582 1026 582 1033 584 1075 591 1076 591 1134 582 1134 563 1134 524 1051 522 1033 510 1032 510 1030 510 987 510 986 510 984 510 962 522 957 524 858 524 853 520 844 513 843 513 841 513 840 513 838 513 826 519 791 510 789 510 788 510 786 510 762 519 749 523 706 517 685 516 684 516 666 517 614 523 603 516 602 514 600 514 599 514 597 514 596 514 594 514 591 516 578 524 520 524 507 516 501 510 499 510 498 510 468 510 466 510 465 510 464 510 458 514 446 522 438 516 437 516 435 516 434 516 432 516 431 516 420 524 358 524 349 516 348 516 346 516 345 516 343 516 342 516 330 523 306 513 300 510 298 510 220 510 218 510 217 510 214 511 196 520 176 510 175 510 174 510 86 510 86 563"/></Shape>
	    <String CONTENT="rũ legitimus gubernator, arbiter, atque"
                    HPOS="86.0"
                    VPOS="510.0"
                    WIDTH="1048.0"
                    HEIGHT="81.0"
                    WC="0.994127395749092"></String>
          </TextLine>
          <TextLine ID="eSc_line_8bf9baaf"
                    TAGREFS="LT8"
                    BASELINE="87 635 1133 627" 
                    HPOS="86.0"
                    VPOS="578.0"
                    WIDTH="1047.0"
                    HEIGHT="82.0">
            <Shape><Polygon POINTS="87 635 87 657 203 651 215 655 226 660 227 660 229 660 263 655 304 649 349 654 391 658 392 658 394 658 408 654 419 649 425 652 432 658 434 658 435 658 437 660 498 660 498 658 550 651 580 648 618 651 704 657 706 657 707 657 709 657 709 655 716 649 719 646 733 649 767 655 768 655 843 648 858 646 867 646 920 655 922 655 923 655 939 646 942 645 962 646 1064 654 1066 654 1067 654 1069 654 1082 645 1112 652 1113 652 1115 652 1116 652 1133 643 1133 627 1130 590 1081 590 1070 580 1069 580 1067 580 1066 580 896 590 858 578 856 578 798 578 797 578 795 578 794 578 776 590 740 581 739 581 737 581 736 581 734 581 724 591 658 591 645 580 643 580 642 580 600 580 599 580 597 580 596 580 575 593 539 593 507 580 505 580 504 580 435 593 395 585 394 585 352 593 295 581 294 581 292 581 243 594 153 582 151 582 86 596 87 635"/></Shape>
	    <String CONTENT="rector. Itaque ſolus ille poteſt leges, tũ le¬"
                    HPOS="86.0"
                    VPOS="578.0"
                    WIDTH="1047.0"
                    HEIGHT="82.0"
                    WC="0.979297854798905"></String>
          </TextLine>
          <TextLine ID="eSc_line_1975655b"
                    TAGREFS="LT8"
                    BASELINE="92 703 1134 696" 
                    HPOS="90.0"
                    VPOS="646.0"
                    WIDTH="1044.0"
                    HEIGHT="82.0">
            <Shape><Polygon POINTS="92 703 92 728 138 727 139 727 141 727 151 718 298 718 312 725 313 725 315 725 316 725 318 725 350 716 386 725 388 725 389 725 477 718 505 725 507 725 508 725 513 725 582 715 881 722 913 722 914 722 925 722 1024 712 1131 719 1134 696 1130 648 996 655 975 649 965 646 963 646 962 646 960 646 959 646 956 649 944 660 926 652 925 652 923 652 922 652 920 652 907 663 841 663 820 652 812 648 810 648 809 648 807 648 794 652 767 663 713 664 615 664 596 655 581 649 580 649 578 649 577 649 559 655 547 660 536 657 519 649 517 649 516 649 514 649 513 649 504 657 493 666 465 666 455 657 449 652 447 652 446 652 444 652 417 658 386 666 255 666 248 660 236 652 234 652 233 652 108 652 107 652 105 652 104 652 90 660 92 703"/></Shape>
	    <String CONTENT="gitimæ vocationis eorum, qui in ſua do¬"
                    HPOS="90.0"
                    VPOS="646.0"
                    WIDTH="1044.0"
                    HEIGHT="82.0"
                    WC="0.982487609753242"></String>
          </TextLine>
          <TextLine ID="eSc_line_cc0564ab"
                    TAGREFS="LT8"
                    BASELINE="90 770 1136 764" 
                    HPOS="89.0"
                    VPOS="713.0"
                    WIDTH="1047.0"
                    HEIGHT="76.0">
            <Shape><Polygon POINTS="90 770 90 789 1134 789 1136 764 1133 719 1091 713 1090 713 1088 713 1087 713 1079 719 1075 724 1020 724 1012 719 1005 715 1003 715 1002 715 1000 715 999 715 997 715 990 721 984 724 959 721 933 718 932 718 893 721 853 725 846 722 831 715 829 715 828 715 826 715 804 722 795 725 792 722 785 716 785 715 783 715 782 715 780 715 733 724 727 724 724 724 694 715 693 715 691 715 690 715 673 724 670 725 652 724 593 719 591 719 590 719 588 719 582 725 580 728 492 728 489 727 471 716 469 716 350 716 349 716 348 716 301 728 298 730 236 730 224 730 135 718 133 718 132 718 89 730 90 770"/></Shape>
	    <String CONTENT="mo præeſſe debent, præſcribere: tum etiã"
                    HPOS="89.0"
                    VPOS="713.0"
                    WIDTH="1047.0"
                    HEIGHT="76.0"></String>
          </TextLine>
          <TextLine ID="eSc_line_228b8ca3"
                    TAGREFS="LT8"
                    BASELINE="89 841 1133 832" 
                    HPOS="87.0"
                    VPOS="783.0"
                    WIDTH="1046.0"
                    HEIGHT="82.0">
            <Shape><Polygon POINTS="89 841 89 858 156 865 157 865 252 858 282 856 294 858 327 864 328 864 407 858 449 855 520 855 524 858 530 862 532 862 533 862 535 862 584 858 623 853 664 856 709 861 710 861 813 859 815 859 816 859 819 856 825 852 858 856 881 859 883 859 911 856 948 852 963 856 971 858 972 858 974 858 975 858 977 858 978 856 986 850 1131 855 1133 832 1128 795 939 797 938 797 925 785 925 783 923 783 922 783 898 783 896 783 895 783 893 783 875 797 874 798 843 798 841 797 783 783 782 783 780 783 731 798 728 800 635 800 532 800 513 786 511 786 510 786 508 786 507 786 474 797 417 788 416 788 346 795 263 788 261 788 260 788 234 798 212 791 211 791 209 791 208 791 206 791 193 801 121 789 120 789 118 789 87 801 89 841"/></Shape>
	    <String CONTENT="mouendæ hominum conſcientiæ, ingi¬"
                    HPOS="87.0"
                    VPOS="783.0"
                    WIDTH="1046.0"
                    HEIGHT="82.0"
                    WC="0.995651897262124"></String>
          </TextLine>
          <TextLine ID="eSc_line_09773387"
                    TAGREFS="LT8"
                    BASELINE="93 911 1136 902" 
                    HPOS="92.0"
                    VPOS="852.0"
                    WIDTH="1044.0"
                    HEIGHT="83.0">
            <Shape><Polygon POINTS="93 911 93 935 174 925 237 933 246 933 248 933 249 933 251 932 269 923 309 932 315 932 316 933 440 933 440 932 462 929 502 922 563 926 612 931 614 931 615 931 617 931 623 926 626 923 643 925 679 929 681 929 706 923 722 920 734 923 745 926 746 926 748 926 877 920 960 917 981 919 1066 926 1067 926 1069 926 1090 917 1115 926 1116 926 1118 926 1119 926 1121 926 1136 916 1136 902 1134 865 1103 852 1102 852 1100 852 1030 864 989 856 987 856 904 865 852 853 850 853 785 868 699 868 682 856 681 856 679 856 678 856 676 856 675 856 660 867 636 858 635 858 633 858 585 868 556 858 554 858 553 858 551 858 529 868 450 862 449 862 447 862 429 870 373 858 266 858 264 858 263 858 227 870 117 859 116 859 114 859 113 859 92 870 93 911"/></Shape>
	    <String CONTENT="gnendǽque pœnitentiæ modum nobis"
                    HPOS="92.0"
                    VPOS="852.0"
                    WIDTH="1044.0"
                    HEIGHT="83.0"
                    WC="0.990507180040533"></String>
          </TextLine>
          <TextLine ID="eSc_line_e9a3413b"
                    TAGREFS="LT8"
                    BASELINE="93 977 1136 968" 
                    HPOS="92.0"
                    VPOS="919.0"
                    WIDTH="1044.0"
                    HEIGHT="83.0">
            <Shape><Polygon POINTS="93 977 93 993 223 993 264 1002 266 1002 423 1000 425 1000 426 1000 443 990 538 990 557 999 559 999 560 1000 597 1000 597 999 599 999 600 999 617 989 630 996 632 996 633 996 792 987 840 994 841 994 908 989 959 996 960 996 962 996 963 996 978 987 1124 994 1125 994 1127 994 1128 994 1128 993 1136 984 1136 968 1134 932 1084 919 1082 919 1081 919 960 932 904 923 902 923 901 923 881 932 852 920 850 920 849 920 847 920 846 920 831 933 801 933 764 922 762 922 761 922 759 922 758 922 743 933 627 922 626 922 560 935 464 923 462 923 461 923 459 923 437 936 364 926 362 926 361 926 359 926 348 935 292 925 291 925 290 925 288 925 273 938 239 938 211 926 209 926 118 926 117 926 116 926 92 938 93 977"/></Shape>
	    <String CONTENT="demonſtrare. In quibus duobus capiti¬"
                    HPOS="92.0"
                    VPOS="919.0"
                    WIDTH="1044.0"
                    HEIGHT="83.0"
                    WC="0.989172218619166"></String>
          </TextLine>
          <TextLine ID="eSc_line_6414bf1e"
                    TAGREFS="LT8"
                    BASELINE="90 1047 1131 1038" 
                    HPOS="89.0"
                    VPOS="987.0"
                    WIDTH="1042.0"
                    HEIGHT="73.0">
            <Shape><Polygon POINTS="90 1047 90 1060 1131 1057 1131 1038 1128 997 1047 987 1045 987 1044 987 1021 996 1020 997 1018 996 1005 987 1003 987 1002 987 1000 987 999 987 983 996 980 997 966 996 905 989 904 989 902 989 881 996 873 999 864 996 840 989 838 989 837 989 835 989 834 989 823 996 817 999 770 996 727 993 725 993 724 993 722 993 719 996 710 1000 642 996 623 994 621 994 620 994 618 994 618 996 605 1003 523 1003 487 994 468 991 466 991 465 991 464 991 459 994 452 1000 423 994 411 993 410 993 397 994 343 1003 331 994 330 993 328 993 327 993 281 993 279 993 278 993 272 994 230 1005 205 994 203 994 202 994 200 994 172 1005 89 994 90 1047"/></Shape>
	    <String CONTENT="bus laus &amp; vis ſumma vniuerſæ Eccleſia¬"
                    HPOS="89.0"
                    VPOS="987.0"
                    WIDTH="1042.0"
                    HEIGHT="73.0"
                    WC="0.994148546304458"></String>
          </TextLine>
          <TextLine ID="eSc_line_19118468"
                    TAGREFS="LT8"
                    BASELINE="93 1113 1127 1109" 
                    HPOS="92.0"
                    VPOS="1055.0"
                    WIDTH="1035.0"
                    HEIGHT="85.0">
            <Shape><Polygon POINTS="93 1113 93 1134 165 1128 175 1134 181 1139 182 1139 184 1139 185 1140 229 1140 229 1139 230 1139 243 1134 261 1130 321 1134 367 1139 368 1139 419 1134 519 1127 530 1134 532 1137 533 1137 535 1137 536 1139 623 1139 623 1137 624 1137 629 1134 645 1127 745 1134 779 1137 780 1137 782 1137 786 1134 804 1125 829 1133 831 1133 832 1133 901 1125 923 1134 926 1136 928 1136 929 1136 931 1136 932 1134 951 1125 966 1133 968 1133 969 1133 971 1133 972 1133 983 1125 1066 1125 1084 1134 1084 1136 1085 1136 1087 1136 1088 1136 1125 1134 1127 1109 1124 1067 1033 1067 1032 1066 1006 1057 1005 1057 1003 1057 959 1064 948 1055 947 1055 945 1055 944 1055 895 1064 893 1064 828 1055 826 1055 825 1055 792 1064 779 1069 742 1069 734 1064 725 1057 724 1057 722 1057 721 1057 719 1057 697 1063 684 1067 615 1063 545 1058 544 1058 542 1058 533 1063 522 1069 434 1069 411 1061 401 1058 400 1058 370 1058 368 1058 367 1058 365 1058 365 1060 362 1061 355 1067 346 1061 343 1058 342 1058 340 1058 339 1058 300 1061 185 1069 163 1060 160 1058 159 1058 157 1058 92 1058 93 1113"/></Shape>
	    <String CONTENT="ſtice diſciplinæ, quemadmodũ diximus,"
                    HPOS="92.0"
                    VPOS="1055.0"
                    WIDTH="1035.0"
                    HEIGHT="85.0"
                    WC="0.990113142289613"></String>
          </TextLine>
          <TextLine ID="eSc_line_da6d41af"
                    TAGREFS="LT8"
                    BASELINE="90 1182 1134 1173" 
                    HPOS="89.0"
                    VPOS="1122.0"
                    WIDTH="1045.0"
                    HEIGHT="85.0">
            <Shape><Polygon POINTS="90 1182 90 1201 99 1207 101 1207 102 1207 104 1207 159 1198 245 1207 246 1207 248 1207 249 1207 266 1197 267 1197 303 1206 304 1206 306 1207 437 1207 437 1206 438 1206 475 1195 477 1195 480 1195 559 1204 560 1204 562 1204 581 1195 754 1203 755 1203 757 1203 758 1203 767 1195 801 1201 803 1201 804 1201 806 1201 817 1192 819 1192 856 1192 858 1192 883 1201 884 1201 886 1201 887 1201 923 1192 945 1201 947 1201 948 1201 950 1201 951 1201 966 1191 969 1191 1006 1191 1008 1191 1017 1200 1018 1200 1020 1200 1021 1200 1023 1200 1024 1200 1039 1191 1066 1200 1067 1200 1069 1200 1133 1189 1134 1173 1131 1137 1069 1122 1067 1122 989 1136 960 1122 959 1122 957 1122 956 1122 914 1137 911 1137 905 1137 785 1124 783 1124 782 1124 749 1137 745 1140 676 1140 672 1137 649 1125 648 1125 646 1125 577 1137 575 1137 536 1130 535 1130 533 1130 517 1137 511 1142 431 1142 426 1139 414 1128 413 1128 411 1128 410 1128 367 1139 349 1143 255 1143 248 1139 232 1130 230 1130 105 1130 104 1130 102 1130 89 1136 90 1182"/></Shape>
	    <String CONTENT="finiſque poſitus eſt. De quibus rebus le¬"
                    HPOS="89.0"
                    VPOS="1122.0"
                    WIDTH="1045.0"
                    HEIGHT="85.0"
                    WC="0.982625629843735"></String>
          </TextLine>
          <TextLine ID="eSc_line_17724de4"
                    TAGREFS="LT8"
                    BASELINE="98 1250 1133 1241" 
                    HPOS="96.0"
                    VPOS="1191.0"
                    WIDTH="1037.0"
                    HEIGHT="86.0">
            <Shape><Polygon POINTS="98 1250 98 1277 160 1264 291 1264 313 1273 315 1273 316 1274 316 1273 318 1273 340 1262 447 1262 461 1270 464 1273 465 1273 466 1273 468 1274 590 1274 590 1273 632 1267 675 1261 700 1265 730 1271 731 1271 798 1264 823 1261 835 1262 871 1270 873 1270 1015 1259 1020 1259 1023 1259 1103 1268 1105 1268 1106 1268 1133 1256 1133 1241 1130 1201 991 1191 990 1191 989 1191 956 1203 826 1203 788 1192 786 1192 785 1192 740 1203 730 1194 728 1194 727 1194 663 1194 661 1194 611 1204 469 1195 468 1195 389 1206 346 1198 345 1198 266 1207 246 1198 245 1198 243 1198 176 1207 138 1198 136 1198 135 1198 133 1198 96 1209 98 1250"/></Shape>
	    <String CONTENT="ges alias, &amp; ab ijs, quas Chriſtus præſcrip¬"
                    HPOS="96.0"
                    VPOS="1191.0"
                    WIDTH="1037.0"
                    HEIGHT="86.0"
                    WC="0.987352312965827"></String>
          </TextLine>
          <TextLine ID="eSc_line_63e9f968"
                    TAGREFS="LT8"
                    BASELINE="93 1320 1139 1313" 
                    HPOS="92.0"
                    VPOS="1261.0"
                    WIDTH="1047.0"
                    HEIGHT="81.0">
            <Shape><Polygon POINTS="93 1320 93 1342 1137 1329 1139 1313 1136 1274 981 1274 965 1261 963 1261 962 1261 929 1261 928 1261 926 1261 884 1276 754 1276 721 1262 719 1262 718 1262 716 1262 672 1277 596 1277 574 1267 572 1267 571 1267 461 1276 410 1265 408 1265 407 1265 388 1276 327 1265 325 1265 324 1265 322 1265 312 1274 281 1268 279 1268 278 1268 246 1279 227 1268 226 1268 126 1267 124 1267 123 1267 92 1279 93 1320"/></Shape>
	    <String CONTENT="ſit, diuerſas ferre neque Reges vlli, ac ne"
                    HPOS="92.0"
                    VPOS="1261.0"
                    WIDTH="1047.0"
                    HEIGHT="81.0"
                    WC="0.971824016681937"></String>
          </TextLine>
          <TextLine ID="eSc_line_8d1e502f"
                    TAGREFS="LT8"
                    BASELINE="98 1386 1136 1383" 
                    HPOS="96.0"
                    VPOS="1331.0"
                    WIDTH="1040.0"
                    HEIGHT="80.0">
            <Shape><Polygon POINTS="98 1386 98 1402 129 1411 130 1411 132 1411 169 1402 174 1402 178 1402 229 1411 230 1411 232 1411 257 1402 258 1402 263 1402 343 1411 345 1411 385 1402 386 1402 391 1402 614 1411 615 1411 660 1400 661 1400 663 1400 694 1409 696 1409 697 1409 749 1400 752 1400 789 1400 800 1409 801 1409 803 1409 804 1409 806 1409 825 1400 837 1409 838 1409 840 1409 841 1409 843 1409 875 1402 983 1409 984 1409 986 1409 987 1409 996 1400 1020 1409 1021 1409 1023 1411 1069 1411 1069 1409 1070 1409 1072 1409 1082 1400 1119 1408 1121 1408 1122 1408 1124 1408 1136 1399 1136 1383 1134 1342 1102 1331 1100 1331 1099 1331 1097 1331 1072 1342 957 1342 938 1332 936 1332 935 1332 883 1341 849 1331 847 1331 846 1331 844 1331 843 1331 828 1341 803 1331 801 1331 800 1331 798 1331 759 1341 737 1331 736 1331 658 1331 657 1331 655 1331 654 1331 638 1341 590 1332 536 1332 535 1332 533 1332 507 1342 487 1334 486 1334 420 1332 419 1332 356 1342 345 1334 343 1334 342 1334 340 1334 339 1334 312 1341 287 1332 285 1332 284 1332 237 1342 182 1335 181 1335 179 1335 178 1335 169 1342 113 1337 111 1337 110 1337 96 1342 98 1386"/></Shape>
	    <String CONTENT="vniuerſa quidẽ ipſa Dei Eccleſia (quę eſt"
                    HPOS="96.0"
                    VPOS="1331.0"
                    WIDTH="1040.0"
                    HEIGHT="80.0"></String>
          </TextLine>
          <TextLine ID="eSc_line_b52c757c"
                    TAGREFS="LT8"
                    BASELINE="93 1457 1136 1453" 
                    HPOS="92.0"
                    VPOS="1399.0"
                    WIDTH="1044.0"
                    HEIGHT="80.0">
            <Shape><Polygon POINTS="93 1457 93 1469 120 1478 121 1478 123 1478 124 1478 147 1470 151 1469 157 1470 191 1478 193 1478 229 1470 230 1470 242 1479 243 1479 245 1479 246 1479 248 1479 278 1472 306 1479 307 1479 309 1479 310 1479 333 1472 336 1470 350 1472 438 1479 440 1479 441 1479 459 1472 472 1467 493 1472 519 1478 520 1479 565 1479 565 1478 566 1478 577 1473 587 1467 626 1467 635 1473 641 1478 642 1478 643 1478 645 1478 646 1478 663 1473 687 1467 749 1475 785 1478 786 1478 804 1475 846 1466 895 1473 896 1473 959 1466 972 1475 974 1475 975 1475 977 1475 1057 1466 1133 1476 1136 1453 1133 1402 1084 1400 1082 1400 1081 1400 1078 1402 1057 1411 1029 1402 1018 1399 1017 1399 1015 1399 1014 1399 1003 1402 978 1411 963 1403 956 1399 954 1399 892 1399 890 1399 889 1399 874 1403 850 1411 832 1403 820 1399 819 1399 817 1399 764 1400 762 1400 754 1405 739 1412 701 1405 675 1400 673 1400 600 1406 572 1408 565 1406 544 1400 542 1400 541 1400 539 1400 538 1400 529 1406 520 1412 464 1408 447 1406 446 1406 444 1406 440 1408 422 1414 404 1408 395 1405 394 1405 392 1405 391 1405 385 1408 371 1415 229 1415 218 1409 200 1402 199 1402 168 1402 166 1402 165 1402 163 1402 154 1411 150 1414 138 1411 111 1402 110 1402 108 1402 107 1402 92 1408 93 1457"/></Shape>
	    <String CONTENT="in his terris) poteſt. Nã &amp; ipſa eccleſia eſt"
                    HPOS="92.0"
                    VPOS="1399.0"
                    WIDTH="1044.0"
                    HEIGHT="80.0"
                    WC="0.981233975161677"></String>
          </TextLine>
          <TextLine ID="eSc_line_580669a1"
                    TAGREFS="LT8"
                    BASELINE="96 1522 1130 1519" 
                    HPOS="95.0"
                    VPOS="1469.0"
                    WIDTH="1035.0"
                    HEIGHT="79.0">
            <Shape><Polygon POINTS="96 1522 96 1537 580 1548 581 1548 582 1548 599 1542 618 1536 883 1537 898 1545 901 1546 902 1546 904 1546 914 1545 969 1536 978 1543 980 1543 981 1543 983 1543 1012 1537 1027 1546 1029 1546 1030 1546 1032 1548 1128 1548 1130 1519 1127 1479 957 1479 939 1470 938 1470 936 1470 893 1478 825 1469 823 1469 757 1478 746 1469 745 1469 743 1469 673 1469 672 1469 670 1469 643 1478 545 1470 544 1470 501 1479 449 1470 447 1470 446 1470 444 1470 432 1481 374 1481 353 1470 352 1470 252 1470 251 1470 190 1479 179 1470 178 1470 176 1470 110 1470 108 1470 107 1470 105 1470 95 1478 96 1522"/></Shape>
	    <String CONTENT="dũtaxat ſerua Dei, &amp; nõ domina, &amp; reges"
                    HPOS="95.0"
                    VPOS="1469.0"
                    WIDTH="1035.0"
                    HEIGHT="79.0"
                    WC="0.995420072136856"></String>
          </TextLine>
          <TextLine ID="eSc_line_847fb6d1"
                    TAGREFS="LT8"
                    BASELINE="101 1595 1131 1588" 
                    HPOS="99.0"
                    VPOS="1536.0"
                    WIDTH="1032.0"
                    HEIGHT="83.0">
            <Shape><Polygon POINTS="101 1595 101 1618 184 1612 226 1616 251 1619 252 1619 273 1616 306 1610 312 1615 315 1618 316 1618 318 1618 319 1619 385 1619 385 1618 386 1618 388 1618 391 1615 397 1610 440 1613 495 1618 496 1618 523 1612 541 1609 577 1612 633 1616 635 1616 701 1610 731 1607 737 1609 752 1615 754 1615 755 1615 797 1609 807 1607 823 1607 911 1615 913 1615 1131 1603 1131 1588 1128 1552 1024 1543 1023 1543 1021 1543 1005 1551 972 1536 971 1536 939 1536 938 1536 936 1536 908 1551 722 1545 721 1545 719 1545 690 1554 651 1539 649 1539 594 1539 593 1539 591 1539 550 1549 527 1542 526 1542 524 1542 523 1542 492 1555 474 1540 472 1540 471 1540 337 1540 336 1540 334 1540 333 1540 313 1555 254 1542 252 1542 251 1542 249 1542 236 1552 193 1548 191 1548 190 1548 188 1548 178 1558 145 1558 124 1549 123 1549 121 1549 120 1549 99 1557 101 1595"/></Shape>
	    <String CONTENT="quoque ipſi ſunt in hoc cœtu mẽbra tã¬"
                    HPOS="99.0"
                    VPOS="1536.0"
                    WIDTH="1032.0"
                    HEIGHT="83.0"
                    WC="0.979396286606789"></String>
          </TextLine>
          <TextLine ID="eSc_line_814d6f97"
                    TAGREFS="LT8"
                    BASELINE="96 1665 1128 1656" 
                    HPOS="95.0"
                    VPOS="1604.0"
                    WIDTH="1033.0"
                    HEIGHT="82.0">
            <Shape><Polygon POINTS="96 1665 96 1680 290 1677 295 1680 300 1685 301 1685 303 1685 383 1686 385 1686 386 1686 400 1680 410 1677 420 1680 437 1686 438 1686 440 1686 504 1685 505 1685 507 1685 511 1680 520 1676 560 1680 593 1685 594 1685 654 1680 749 1674 771 1680 780 1683 782 1683 783 1683 823 1680 960 1671 1084 1671 1125 1680 1128 1656 1125 1618 983 1604 981 1604 980 1604 953 1619 849 1619 825 1606 823 1606 786 1606 785 1606 707 1607 706 1607 684 1619 536 1609 535 1609 533 1609 487 1621 422 1613 420 1613 358 1622 346 1613 345 1613 343 1613 342 1613 340 1613 339 1613 327 1622 267 1610 266 1610 264 1610 220 1625 141 1625 113 1612 111 1612 110 1612 108 1612 107 1612 107 1613 95 1622 96 1665"/></Shape>
	    <String CONTENT="tùm nõ caput: mẽbra quidẽ honorabilia,"
                    HPOS="95.0"
                    VPOS="1604.0"
                    WIDTH="1033.0"
                    HEIGHT="82.0"
                    WC="0.993038400298073"></String>
          </TextLine>
          <TextLine ID="eSc_line_ba8a0ba2"
                    TAGREFS="LT8"
                    BASELINE="96 1734 1134 1725" 
                    HPOS="95.0"
                    VPOS="1673.0"
                    WIDTH="1039.0"
                    HEIGHT="81.0">
            <Shape><Polygon POINTS="96 1734 96 1747 264 1754 266 1754 306 1747 315 1745 336 1747 437 1753 438 1753 440 1753 441 1753 441 1751 449 1745 465 1745 612 1751 614 1751 657 1744 672 1743 679 1744 696 1750 697 1750 699 1750 757 1744 789 1741 936 1741 941 1743 948 1748 950 1748 951 1748 953 1748 954 1748 977 1743 991 1740 1015 1743 1051 1747 1052 1747 1133 1741 1134 1725 1130 1673 1079 1682 1057 1676 1055 1676 1054 1676 1052 1676 1033 1686 984 1686 965 1676 962 1674 960 1674 959 1674 945 1676 905 1683 868 1677 843 1674 841 1674 840 1674 826 1679 809 1685 754 1680 697 1676 696 1676 694 1676 693 1676 685 1682 679 1687 612 1689 560 1685 484 1677 483 1677 481 1677 452 1686 438 1690 417 1687 359 1679 358 1679 356 1679 355 1679 355 1680 345 1689 342 1690 327 1689 273 1685 272 1685 270 1685 269 1685 269 1686 267 1686 264 1690 263 1692 261 1690 242 1683 240 1683 239 1683 237 1683 211 1692 209 1692 206 1692 142 1680 141 1680 139 1680 95 1693 96 1734"/></Shape>
	    <String CONTENT="nõ tamen ſic mẽbra, vt in hoc cœtu regẽ"
                    HPOS="95.0"
                    VPOS="1673.0"
                    WIDTH="1039.0"
                    HEIGHT="81.0"
                    WC="0.976919648193178"></String>
          </TextLine>
          <TextLine ID="eSc_line_37a05e97"
                    TAGREFS="LT8"
                    BASELINE="98 1801 1134 1792" 
                    HPOS="96.0"
                    VPOS="1738.0"
                    WIDTH="1038.0"
                    HEIGHT="86.0">
            <Shape><Polygon POINTS="98 1801 98 1814 267 1824 269 1824 270 1824 309 1814 440 1823 441 1823 443 1823 472 1812 498 1812 608 1812 633 1820 635 1820 636 1820 730 1812 780 1820 782 1820 871 1811 881 1818 883 1818 884 1818 886 1818 1052 1809 1124 1817 1125 1817 1127 1817 1128 1817 1128 1815 1134 1809 1134 1792 1131 1748 960 1738 959 1738 957 1738 919 1748 886 1740 884 1740 883 1740 881 1740 880 1740 870 1750 786 1750 740 1741 739 1741 737 1741 710 1750 701 1741 700 1741 699 1741 697 1741 593 1751 533 1743 532 1743 530 1743 511 1753 422 1753 391 1745 389 1745 388 1745 325 1753 312 1744 310 1744 309 1744 307 1744 114 1745 113 1745 111 1745 96 1753 98 1801"/></Shape>
	    <String CONTENT="do imperent pro ſuo arbitratu, ſed tãtùm"
                    HPOS="96.0"
                    VPOS="1738.0"
                    WIDTH="1038.0"
                    HEIGHT="86.0"
                    WC="0.987246653863362"></String>
          </TextLine>
          <TextLine ID="eSc_line_78fd1fb2"
                    TAGREFS="LT8"
                    BASELINE="104 1870 1136 1859" 
                    HPOS="102.0"
                    VPOS="1805.0"
                    WIDTH="1034.0"
                    HEIGHT="88.0">
            <Shape><Polygon POINTS="104 1870 104 1885 193 1893 194 1893 260 1885 270 1884 279 1884 336 1893 337 1893 400 1884 411 1882 446 1882 617 1890 618 1890 660 1882 722 1888 724 1888 1134 1876 1136 1859 1133 1820 1006 1805 1005 1805 1003 1805 1002 1805 977 1820 975 1821 933 1821 932 1820 907 1806 905 1806 904 1806 902 1806 901 1806 884 1818 849 1814 847 1814 846 1814 844 1814 834 1820 831 1823 746 1823 740 1821 725 1812 724 1812 722 1812 721 1812 719 1812 709 1821 707 1823 703 1821 672 1809 670 1809 669 1809 667 1809 645 1821 642 1823 638 1821 608 1811 606 1811 605 1811 603 1811 571 1821 562 1824 553 1821 520 1811 519 1811 517 1811 516 1811 490 1821 484 1824 440 1823 429 1812 428 1812 426 1812 373 1812 371 1812 370 1812 349 1823 339 1827 319 1823 298 1818 297 1818 295 1818 276 1823 258 1827 242 1823 217 1815 215 1815 172 1815 171 1815 169 1815 168 1815 157 1823 150 1827 102 1824 104 1870"/></Shape>
	    <String CONTENT="vt Dei mandata à pijs &amp; inter pios obſer¬"
                    HPOS="102.0"
                    VPOS="1805.0"
                    WIDTH="1034.0"
                    HEIGHT="88.0"
                    WC="0.984073447329657"></String>
          </TextLine>
          <TextLine ID="eSc_line_b3df6ae1"
                    TAGREFS="LT8"
                    BASELINE="98 1939 1133 1928" 
                    HPOS="96.0"
                    VPOS="1875.0"
                    WIDTH="1037.0"
                    HEIGHT="85.0">
            <Shape><Polygon POINTS="98 1939 98 1952 233 1960 234 1960 300 1952 313 1951 318 1952 340 1958 342 1958 343 1958 374 1951 379 1951 388 1958 389 1958 391 1958 392 1958 425 1951 429 1951 443 1951 533 1957 535 1957 605 1951 617 1949 620 1949 626 1955 627 1955 629 1955 630 1955 632 1955 633 1955 633 1954 638 1949 641 1948 1131 1948 1133 1928 1128 1887 1026 1890 1017 1887 986 1875 984 1875 983 1875 981 1875 942 1888 931 1893 815 1893 809 1888 795 1878 794 1878 792 1878 749 1878 748 1878 746 1878 745 1878 728 1890 724 1893 687 1894 664 1890 627 1882 626 1882 624 1882 599 1891 588 1894 578 1891 566 1887 565 1887 563 1887 562 1887 550 1891 536 1897 388 1897 380 1893 365 1882 364 1882 362 1882 245 1882 243 1882 96 1894 98 1939"/></Shape>
	    <String CONTENT="uari ſedulò curent. Vocationũ enim ec¬"
                    HPOS="96.0"
                    VPOS="1875.0"
                    WIDTH="1037.0"
                    HEIGHT="85.0"
                    WC="0.9829575330019"></String>
          </TextLine>
          <TextLine ID="eSc_line_702e690b"
                    TAGREFS="LT8"
                    BASELINE="95 2007 1136 1997" 
                    HPOS="93.0"
                    VPOS="1945.0"
                    WIDTH="1043.0"
                    HEIGHT="85.0">
            <Shape><Polygon POINTS="95 2007 95 2021 136 2030 138 2030 523 2021 837 2015 1133 2021 1136 1997 1133 1955 1009 1945 1008 1945 1006 1945 986 1955 795 1951 794 1951 792 1951 771 1958 770 1958 748 1948 746 1948 684 1948 682 1948 643 1949 642 1949 641 1949 627 1960 626 1961 550 1961 523 1961 493 1951 492 1951 490 1951 489 1951 469 1961 468 1961 426 1954 425 1954 325 1963 319 1963 315 1963 234 1952 233 1952 175 1964 174 1964 172 1964 135 1954 133 1954 132 1954 130 1954 93 1963 95 2007"/></Shape>
	    <String CONTENT="cleſiaſticarum, &amp; conſcientiarum noſtra¬"
                    HPOS="93.0"
                    VPOS="1945.0"
                    WIDTH="1043.0"
                    HEIGHT="85.0"
                    WC="0.966210177540779"></String>
          </TextLine>
          <TextLine ID="eSc_line_0a4a5015"
                    TAGREFS="LT8"
                    BASELINE="96 2076 1133 2065" 
                    HPOS="95.0"
                    VPOS="2013.0"
                    WIDTH="1038.0"
                    HEIGHT="85.0">
            <Shape><Polygon POINTS="96 2076 96 2091 242 2098 243 2098 245 2098 278 2089 284 2089 297 2089 389 2096 391 2096 438 2089 447 2088 458 2088 520 2095 522 2095 523 2095 550 2088 557 2086 581 2088 682 2094 684 2094 727 2086 737 2085 751 2086 806 2092 807 2092 878 2085 896 2083 907 2085 941 2091 942 2091 944 2091 963 2083 968 2083 1131 2083 1133 2065 1130 2024 1006 2013 1005 2013 1003 2013 977 2025 974 2025 972 2025 951 2016 950 2016 911 2015 910 2015 908 2015 887 2025 849 2015 847 2015 846 2015 844 2015 843 2015 843 2016 832 2027 831 2028 743 2028 734 2028 704 2016 703 2016 701 2016 700 2016 672 2028 670 2028 642 2018 641 2018 557 2018 556 2018 554 2018 529 2025 464 2019 462 2019 461 2019 443 2028 398 2019 397 2019 395 2019 346 2031 252 2025 251 2025 95 2034 96 2076"/></Shape>
	    <String CONTENT="rum procul dubio ſolus Deus &amp; ſcrutator"
                    HPOS="95.0"
                    VPOS="2013.0"
                    WIDTH="1038.0"
                    HEIGHT="85.0"
                    WC="0.95945586455174"></String>
          </TextLine>
          <TextLine ID="eSc_line_8d1aa638"
                    TAGREFS="LT8"
                    BASELINE="98 2150 1134 2137" 
                    HPOS="96.0"
                    VPOS="2080.0"
                    WIDTH="1038.0"
                    HEIGHT="100.0">
            <Shape><Polygon POINTS="98 2150 98 2174 160 2169 179 2175 193 2180 194 2180 196 2180 197 2180 212 2175 237 2166 456 2165 490 2174 499 2175 501 2175 502 2175 541 2172 611 2168 648 2172 667 2174 669 2174 707 2172 846 2162 887 2171 893 2171 895 2171 896 2171 899 2171 925 2162 993 2169 997 2169 999 2169 1000 2169 1002 2169 1017 2160 1131 2168 1134 2137 1131 2094 1075 2094 1042 2080 1041 2080 1039 2080 987 2082 986 2082 984 2082 971 2094 969 2094 904 2082 902 2082 901 2082 874 2094 871 2095 864 2095 831 2089 829 2089 746 2095 719 2096 712 2095 676 2085 675 2085 673 2085 603 2096 587 2098 578 2096 551 2088 550 2088 477 2088 475 2088 474 2088 472 2088 458 2096 455 2099 450 2096 446 2094 444 2094 443 2094 441 2094 440 2094 429 2096 414 2101 370 2096 340 2095 339 2095 312 2098 264 2102 257 2098 245 2091 243 2091 242 2091 240 2091 96 2098 98 2150"/></Shape>
	    <String CONTENT="&amp; gubernator &amp; Rex &amp; autor eſſe debet"
                    HPOS="96.0"
                    VPOS="2080.0"
                    WIDTH="1038.0"
                    HEIGHT="100.0"
                    WC="0.984707846834853"></String>
          </TextLine>
        </TextBlock>
      </PrintSpace>
    </Page>
  </Layout>
</alto>
