1807 2677
898.0 163.0 424.0 74.0 EPISTOLA.

599.0 227.0 1050.0 109.0 ràque Euãgelij Chriſti prædicatio retino

597.0 297.0 1050.0 103.0 tur, ſummota omni idololatria: ergo non

599.0 365.0 1051.0 99.0 diffitemur & eas etiam veras eſſe Dei Ec¬

600.0 437.0 1049.0 101.0 cleſias. Vnica enim eſt, eáque fundamen¬

602.0 513.0 1050.0 87.0 talis veræ Eccleſiæ nota in his terris, pura

600.0 577.0 1055.0 95.0 nimirũ verbi Dei predicatio à legitimo pa

600.0 643.0 1067.0 103.0 ſtore facta, quæ vbicũque eſt, illîc quoque

602.0 706.0 1050.0 98.0 eſt Grex Domini, iuxta illud Chriſti, O¬

605.0 780.0 1048.0 100.0 ues meę vocẽ meã audiunt: & ſi ab eo cœ¬

606.0 849.0 1046.0 96.0 tu ſæpe Sacramentorum adminiſtratio,

608.0 916.0 1041.0 102.0 ſæ pe etiam morum correctio, Eccleſiaſti¬

608.0 986.0 1044.0 98.0 cǽque diſciplinæ vſus & praxis exulat,

609.0 1052.0 1043.0 100.0 atque abeſt. Quod enim hę duę poſterio¬

611.0 1119.0 1047.0 104.0 res notę, tanquam neceſſarię, ad veræ Ec¬

609.0 1182.0 1053.0 116.0 cleſię deſignationẽ à nõnullis pronuntiã¬

611.0 1255.0 1048.0 107.0 tur, oſtendũt illi tãtum, quid quantũque

612.0 1326.0 1044.0 98.0 requiratur, vt omnibus ſuis numeris ab¬

612.0 1400.0 1047.0 93.0 ſoluta ſit verę Eccleſię facies. non autem

612.0 1460.0 1047.0 100.0 illud volunt, omninò Dei Eccleſiam dici

612.0 1534.0 1047.0 95.0 eum cœtum non poſſe, in quo purè & ve¬

614.0 1597.0 1048.0 104.0 rè verbum diuinum prædicatur, ſi nulla

615.0 1664.0 1044.0 107.0 ſit diſciplinȩ Eccleſiaſticę praxis. Sũt igi¬

615.0 1735.0 1050.0 104.0 tir huiuſmodi Eccleſię quidem, ſed non

615.0 1802.0 1052.0 106.0 omnibus ſuis partibus & numeris abſolu¬

618.0 1872.0 1046.0 106.0 tæ: quin potius claudicantes. Sic ille à no¬

617.0 1943.0 1053.0 100.0 bis dicitur homo, cui brachium vtrũque

618.0 2012.0 1053.0 105.0 abſciſſum eſt, ſi modò idem ille ratiocina¬

623.0 2073.0 1047.0 135.0 tur. Sed hoc conari, hoc ſtudere, hoc ef¬

1508.0 2149.0 165.0 105.0 ficere
