1807 2677
629 160 77 82 34

810 136 683 93 AD I. PAVL. AD TIM

627 200 1061 106 proprium argumentum, quod digreſſione illa

627 263 1063 95 ſuperiori de vocatione miraculoſa Pauli fuerat

626 321 1059 101 interruptum. Ergo poſtquam à quibus vitijs Pa¬

627 383 1063 97 ſtori Eccleſiæ ſit cauendum docuit, adiicit quæ

629 446 1063 93 ſit ſumma totius muneris ipſorum, nempe & vt

638 504 1052 89 Fidem ſanam habeant, & Conſcientiam bonam

632 559 1060 99 & integram. Fidei nomine doctrinam vniuerſam

636 621 1056 91 intelligit, quæ ex puro Dei verbo docetur in Ec¬

638 681 1052 98 cleſia:imprimis autem Euangeliũ ſignificat, quæ

641 743 1049 94 pars Scripturæ fidem nobis propriè proponit,

638 803 1052 89 Bona conſcientia ad ipſius paſtoralis muneris

636 858 1059 87 executionem pertinet. Facit enim illa, vt ſyncerè

638 917 1057 91 rectè & integrè, quemadmodum oportet, in to¬

639 974 1060 95 to & vitæ & vocationis noſtræ curſu verſemur,

642 1036 1051 94 & nauigemus, donec ad portum peruenerimus.

642 1091 1056 101 Eſt autem is portus mors. De vtraque ſup. copio¬

643 1170 209 76 ſè verſ.5.

700 1206 1001 93 Ex hoc autem loco facilè intelligi poteſt, ec¬

646 1267 1058 96 quod paſtoris munus eſſe velit Paulus. Id quod i¬

648 1325 1051 98 pſe Tit.1.verſ.9. amplius docet & Petrus I Pet.5.

652 1390 1052 92 verſ.2. Nempe vt paſcant gregem Domini ver¬

649 1447 1055 89 bo Dei, quod proprium eſt animorum alimen¬

649 1506 1056 92 tum. Ad quod & doctrina pura, ſiue ſana cogni¬

648 1564 1057 91 tione illius verbi opus eſt: & prudenti ſynceráque

651 1624 1054 90 eiuſdem diſpenſatione, & ὀρθοτομίᾳ vt loquitur

654 1682 1051 90 Paulus ipſe inf. 2 Timoth. 2 id eſt, ne ſit perſona¬

651 1744 1056 91 rum acceptator Miniſter verbi Dei: ſed exactor

652 1802 1058 95 à quoque officij, & cultus Dei. Quod ſi idẽ tunc

654 1859 1053 98 de officio Epiſcopi receptum & cõſtitutum fuiſ¬

651 1921 1059 95 ſet, quod poſtea & in Papatu conſtitutum eſt, cer¬

652 1980 1053 88 tè neq; doctrinã neque bonã conſcientiã cõmen

654 2041 1059 88 daret & requireret in Epiſcopo Paulus. Quanquã

654 2095 1059 110 enim Epiſcopũ explorandum & exanimandũ illi

1515 2154 199 76 ſcribunt
