1807 2677
640 149 64 74 56

816 136 699 79 AD T. PAVL. AE TIM.

703 229 33 65 5

777 208 912 87 Vnus enim Deus, vnus etiam media¬

630 276 998 94 tor Dei & hominum, homo Christus Ieſus.

688 374 997 84 Αἰτιολογία ſuperioris ſententiæ, ab effectu. Nõ

623 441 1056 72 eſſet vnus Deus, & vnus mediator omnium, nifi

627 499 1058 72 omnes, id eſt, quoſuis homines ſaluos faceret. Si

627 557 1050 72 enim vnius tantùm hominum generis vel ordinis

626 614 1059 79 ſalutem procurat & perficit Deus, neceſſe eſt

635 675 1044 77 plures deos conſtitui:itémque plures mediatores

636 737 803 75 Quorum vtrunque blaſphemum eſt.

684 789 995 78 Similis locus eſt Romanor.3.verſ. 29. Pſal.1o5.

632 853 395 76 verſ.7 & 33.verſ.5.

687 908 992 67 Obſtat autem Pſal.76. vbi in ſola Iudæa notus

623 965 1056 77 Deus eſſe dicitur. Reſponſio eſt, Sublatum nunc

624 1026 1053 71 eſſe inter Gentes & Iudæos diſcrimen, quod olim

624 1085 1047 80 fuit, quia vtrique, diruta per Chriſtum maceria,

623 1157 664 61 in vnum populum coaluerunt.

673 1206 995 71 Deus autem quorumuis hominum vnus neq;

621 1259 1053 80 eſſe, neque dici poteſt, niſi ſuæ bonitatis, clemen¬

623 1320 1051 75 tiæ, miſericordiæ & electionis teſtimonia & ef¬

621 1378 1050 77 fecta proferat in quoſuis. Quamobrem quoſuis

627 1439 1008 74 ad ſalutem vocare & efficaciter quidem debet.

678 1497 986 74 Iam verò ex hoc Pauli reſponſo Manichȩorũ,

620 1552 1048 76 Marcionitarum & huiuſmodi aliorum hæretico¬

617 1615 1047 74 rum error fanaticus refellitur, qui duos Deos,

620 1671 1045 69 duóque principia conſtituunt, & alium Iudæorũ

618 1731 1049 71 Deum, alium autem noſtrum ſomniant. Vnus au¬

618 1790 756 72 tem eſt omnium Deus, non plures.

675 1848 992 73 Sed etiam mediator vnus eſt, nõ plures. Is autẽ

614 1902 1050 78 Mt Chriſtus homo. Quod varijs rationibus con¬

609 1966 1052 72 firmari poteſt. Prima, Quòd vnicum eſt ſemen

608 2027 1057 62 illud Abrahæ, in quo promittuntur benedicen¬

606 2083 1052 91 dæ omnes mundi nationes Geneſ.15. & 17. Galat.

1496 2140 156 110 3.verſ.
