1807 2677
426 166 336 67 CAPVT II.

1091 156 52 76 89

116 226 1041 81 peccatum effeciſſe duriorem & auſteriorẽ. Val¬

117 290 1041 80 de autem notandum eſt, quod ex verbo ſedacta

118 346 1039 85 colligit Bernard. ſermo. de Duplici Baptiſ. his

120 408 1040 73 verbis, Serpens ô Eua decepit te, non impulit,

116 465 1044 80 aut coegit, mulier tibi, ô Adam de ligno dedit:

116 523 1039 79 ſed offerendo, non vtique violentiam inferendo.

118 582 1039 79 Neque enim poteſtate illius, ſed tua voluntate

116 639 1041 88 factum eſt, vt eius voci plus obedieris, quàm di¬

117 713 140 58 uinæ.

181 768 977 93 15 Seruabitur tamen liberos gignendo,

114 840 1046 101 ſi manſerit in fide, ac charitate, & ſanctifica¬

114 920 495 70 tione cum modestia.

174 987 990 86 Hypophora eſt quæ magnam conſolationem

117 1049 1044 82 tamen continet, ne ſe prorſus ſpe ſalutis orbatas

114 1109 1046 79 eſſe mulieres exiſtiment. Id quod illis potuit in

113 1170 1050 74 animum incidere, vel nobis etiamipſis, dum eas

114 1226 1046 73 eſſe nobis tanti cauſas mali audimus. Per eas

117 1286 1046 77 enim factum eſt, vt vniuerſum genus humanum

113 1341 1044 85 ſiue virile, ſiue etiam muliebre periret. Ergo

113 1403 1050 73 prorſus ſalutis exortes videbantur. Sed contrà

113 1461 1047 79 Paulus. Hanc ipſam pœnam tranſgreſſionis, &

113 1522 1048 75 hanc in coniugio ſubiectionem mulierum docet

113 1580 1047 76 in ipſarum commodum & ſalutem cedere mira

113 1638 1045 79 Dei ſapientia nimirum, qui è tenebris lucem e¬

113 1695 1052 77 duxit, vt eſt 2. Chorinth. 4. verſ. 6. Sic conuertit

113 1756 1045 70 hoc ſuum in eas iudicium Dominus in earum i¬

110 1806 1051 88 pſarũ conſolationẽ & ſalutis viam, dum hãc ſub¬

110 1875 1054 73 iectionem erga maritos vocationem earum pro¬

110 1927 1053 85 priam eſſe ſtatuit. In quo illud primum eſt obſer¬

110 1989 1053 69 uandum vocem διὰ non denotare hoc loco cau¬

107 2047 1054 70 ſam efficientem: ſed mediam tantùm, per quam,

107 2108 1056 91 tanquam per iter à Deo demonſtratum, eſt illis
