1128 1876
128 78 693 70 M. BVCERI COMMENTARIVS.

871 79 58 75 203

82 148 833 75 tuit. Diſcamus ergo & hinc, quomodo exhortationes,

82 206 263 72 ſint instituendæ·

322 265 363 69 CAPVT VI·

201 373 607 89 Filij morigeri eſtote paren

353 442 302 69 tibus ueſtris.

217 544 702 78 Incribus ætate, ut minus ſapiunt, ila nihil ſalubri

217 603 699 64 us præcipi poteſt, quam ut prudentioribus dicto

217 655 699 64 audiant·Hinc in pairia poteſtate eße liberos, non

96 698 823 64 diuina fantum, ſed & naturæ lex dictat ·Impie igitur

93 748 834 66 docuerunt, qui liberis & amplecti monachiſmum, & ini

95 798 834 72 reconnubium, ſine conſenſu parentum licere affirma¬

93 847 834 67 runt, tentataq́; hæc, rata habenda definierunt· Paulus igi

93 898 837 65 tur audiendus liberis Chriſtianis, qui iubet obedire eos pa

93 950 834 66 rentib· in Domino, quod intelligo, quemadmodũ et uerti,

96 997 831 75 ficut dignũ Domino est, hoc eſt, ut ex animo et in omnib·

98 1050 831 69 uoluntati parentum ſeſe attemperent · Id inquit iuſtum

96 1100 830 72 est, diuinitus enim ſic inſtitutũ est, ut quiſq; quos genuit,

96 1150 831 64 ad frugi uitam quoq inflituat, ij ergo ut morigeri ſint

98 1202 709 67 oportet, & magni illos habeant, id eſt, honorent·

150 1252 776 61 Adducit & Dei præceptum, monens primum eſſe,

98 1302 831 70 quod adiunctam promißioncm habeat, nempe hanc, ut be

98 1349 821 64 ne tibiſit &c· Rudiores animi quales in ætate minori¬

96 1402 823 64 ribus eße ſolent, ſic uoluit Deus allicere, quanquam &

98 1455 821 95 id ſua prouidentia comparatum ſit, ut quis æquitati stu¬

777 1502 152 72 dent, or¬

934 372 106 81 Sect·1·

932 575 160 75 De officio

932 630 139 70 liberorũ·

937 1339 156 68 Bonis be¬

937 1410 148 50 ne omnia

937 1453 147 68 euenunt.
