1000 1549
102 116 587 46 RHOM IO OECOL AVTHORE.

112 166 636 51 rentes ſortiti ſunt, & degenerant. Boni enim paren¬

114 210 635 46 tes naturales rami ſunt, quibus promiſit deus in mil¬

114 250 634 44 le millia miſericordiam: & uidemus tamen eorum

116 289 633 50 filios reprobari. Quid igitur nõ timendum, ubi nul

115 331 486 52 læ promiſſiones parentibus ſunt datæ?

114 388 633 51 Potens eſt enim deus iterũ inſerere illos.

165 450 584 52 De nullius hominis ſalute, quandiu híc uiuit,

115 495 638 44 deſperare debemus, nec ullum licet anathema díce¬

116 538 635 47 re. De Iudæis autem (cæteris paribus) maiorẽ ſpem

117 580 633 53 concipere liceret, quàm de Gentibus, propter pro¬

120 619 377 54 mißionem parentibus factam.

217 674 399 54 Nolo enim uos ignorare

269 727 308 50 fratres myſterium.

157 789 594 51 Myſterium eſt, non quod omnino ſilere coga¬

117 833 635 49 mur, ſed quod multis eſt abſcõditum. Ea enim Chri¬

119 876 634 49 ſtianorum ſunt dogmata, quæ & ſuper tecta prædi¬

118 920 631 47 care licet. Magnum autem myſterium uel arcanum,

120 961 629 47 quod deus ita uoluit uti malitia Iudæorum, ut nobis

120 1001 419 48 benefaceret, & Gentes reciperet.

162 1056 504 54 Et ſic omnis Iſraël ſaluus fieret.

160 1108 593 58 Id eſt, eccleſia, ex Gentibus & Iudæis in unum

120 1154 632 56 ouile congregaretur. Nunquam enim futurum, ut

118 1198 565 60 omnes Iudæi conuertantur, ſicut nec Gentes.

720 107 52 60 90

605 1258 92 47 n 2
