1000 1376
78 161 633 49 verò terram diſpeſcit, homectat, & alit facultate ſua. Atque læc o¬

77 194 633 39 mnia diſertè mandato Dei continentor. Nam primùm aquam in ſta¬

75 220 632 39 tiones quaſdam diſtributam eſſe, & ad eas indeſinenter ferri tan¬

77 245 629 41 quam adl ſuum perpendiculum aggeremq́; præcepit Deus his ver¬

76 270 268 35 bis, Redta conftuans aquæ, &c.

103 293 603 44 Deiude à tetra ex patte quadam diſcedere, eamq́; pro domicilio

74 320 632 38 rebus corporeis, quas Deus erat creaturus, relinquete demonſtrat

73 344 631 40 illis, E. ſit aridas Ac proinde hoc vno decreto Deus & de ornatu

73 369 630 42 tertæ, & de ratione domicilij hojus noſtri & commoditate proſpe¬

74 398 629 37 xit, antè quam quicquam aliud creatum eſſet. Hic verò, ut ad or¬

72 419 630 42 dinem veniamus, Moſes ab inſtituto ordine non quidem diſcedit,

71 445 632 38 ſed quędam omittit : quia in hac narratione, prout his verſibus con¬

71 469 632 41 texta eſt, ex antecedencibus & conſequentibus facilè intelliguntur

71 496 631 38 ea: proinde primùm quidem cauſam efficientem narrat, mandatum

70 518 631 43 Dei, priore parte verſus 9: ſecundò effecta, poſteriore: tertiò ſan¬

70 544 630 43 ctionem vel naturæ legem, priore membro verſus Io: quartò ap¬

69 568 630 49 probationem, poſteriore illius. De decreto ſatis. Effectus verò pla¬

70 596 79 32 nus eſt.

95 618 581 43 ❧ 10 Aridam itaque Deus vocavit terram, & congregationem

126 645 481 39 aquarum vocavit maria: & vidit Deus id eſſe bonum.

97 665 602 46 In ſanctione, vel naturæ lege ferenda, id ſolùm obſervandum

67 691 632 43 eſt, duas illas partes, de quibus antè diximus, ύσερον πρότερον à Moſe

67 717 631 42 narrati. Nam peius aquæ locus, quàm terræ ſuperficies conſpicua

67 741 631 44 attributa eſt: hîc autem Moſes prius de terræ conſpectu, poſt de a¬

69 768 630 44 quarum diſpoſicione & diſterminatione loquitur, idq́; ſyllepticè ex

66 792 632 45 Hebræorum uſu : nt iatelligamus ſingulis aquarum colſectionibus

65 817 632 44 impoſitam foiſſe Maris appellationem. Sic enim Hebræs quamvis

66 841 631 46 aquarum collectionemi (ſi modò πρός τιnvel per compatationem ma¬

68 869 627 41 gna ſit) appellant mare: ut 1 Reg.8.8: quemadmodum Græci quo¬

68 895 605 42 que & Latini nonoumquam uſi ſunt, Nicandes, Virgilius, Plinius.

99 917 595 43 Tertius locus ad conſtitutionem aquæ & terræ pertinens, nimi¬

64 941 630 46 rum approbatio, his verbis continetur: Et vidit Deus id eſſe bonum,

68 967 626 46 quod genus approbationis loprà in verſum3 explicavimus. Duæ

66 991 628 46 verò quæſtiones in hunc locum incidunt: Prior eſt, cur Moſes ap¬

65 1019 629 42 probationem poſtrem locu poluerit, contrà quàm fecit in ſuperio¬

64 1040 628 59 ribus: Poſterior, cur quartam illam partem, puta ordinationém, o¬

64 1068 87 29 miſerit.

94 1086 600 49 Ad priorem hæc reſponſio eſt: hæc approbatio non hujus tan¬

65 1115 628 42 tùm operis eſt quod die tertio effecit Deus, verùm etiam ſuperioris

67 1142 625 48 quod die ſecundo inceperat, & tertio demum fuit abſolutum: ac

246 133 286 43 IN GENES. CAP. I.

692 150 30 35 17

558 1180 27 33 C

627 1182 65 41 propt
