1128 1876
132 93 692 91 M. BVCERI COMMENTARIVS·

89 161 837 86 ipſis, tum alijs prædicantes ſicut efficimus, ut Deo apud

90 218 834 75 nos & electos omnes omnia ſeruiant, ita certe hoſtem no

90 268 837 82 ſtrum profligamus, & ſpolia eius diripimus, noſtroq; im

95 318 831 83 peratori conſecramus, homines ſcilicet quos ad uolunta¬

93 370 834 80 tem ſuam ille tenebat captiuos·Hæc armatura Dei eſt,

98 420 834 80 quam ſolus ipſe largitur, nos aßumimus eam, dum illam

98 470 836 74 ab ipſo oramus, & exciti eius ſpiritu, in fide cottide & di

100 525 638 73 lectione proficere studemus· Vnde ſubijcit·

154 575 733 101 Omni oratione & deprecatione,

438 655 201 68 orantes.

154 714 780 75 Oratiouera non ſolum eſt, quodlibet pietatis uotum,

107 766 827 78 ſed ſerium animi, uelut cum Deo colloquium, & grauis

107 820 825 72 perpenſio eorũ, quæ gloriæ Dei in nobis deſunt, cũ arden

107 875 836 67 ti ad ipſum ſpiritus deprecatione, ut ea in nobis ſarciat,

109 917 839 71 bis ut conſideratio beneficiorum DE I erga nos ſemper

114 966 840 72 cõiuncta est, ita & gratiarum actio. Hortatur ergo Pau

117 1023 837 68 lus, ut per omnem orationem & deprecationem oremus.

117 1063 838 75 Iduero per omnem orationem, uidetur accipiendum, ſi¬

117 1117 838 69 cut ſupra omni ſapientia, & ſimilia, ut ſicut omnem ſapi

120 1172 835 72 rntiam eximiam, & omnifariam ſapientiam interpreta¬

122 1216 833 72 mur, omnem orationem accipiamus pro oratione arden¬

125 1264 830 77 fi & aßidua· Nam iubet orare omni tempore & ſpiritu·

128 1319 827 70 Tempus autem hic καιρός eſt, id est, tẽpus oportunum·

132 1369 823 67 Vult enim quandocunq; omnino liceat, orationes habeant

131 1421 824 71 & deprecationes, quibus ſcilicet armaturam, de qua di¬

129 1477 456 78 xit, ſibi à Domino comparent·

857 90 64 74 108

941 578 115 109 sect·4·

954 759 148 88 Ouid ora

955 830 50 59 lio·

664 1522 27 71 O

844 1511 124 75 Addit,

743 1533 17 60 4

973 1374 137 54 Omni tem

969 1419 87 64 pore.
