1505 2180
323 138 262 63 CAPVT V.

877 141 64 75 255

65 187 689 78 debent agnoſcere pij homines & filij.

118 239 819 77 Ratio huius præcepti hîc multiplex affertur à

63 283 873 76 Paulo. I A conſequenti vel conſentaneis. Sibi i¬

65 339 872 80 pſis hoc quodammodo liberi impendunt, quod

63 385 873 72 in parentes ſuos conferunt: habent enim à pa¬

59 434 875 80 rentibus, vt ſint, & ſunt cum illis vna caro & vnus

54 481 880 83 ſanguis 2 Ab officio, oportet liberos rependere

59 537 871 71 parentibus quodammodo quod ab iis acceperũt.

59 584 877 68 Id enim lex ipſa naturæ iubet & dictat, quæ nos

59 632 871 74 obligat ad ἀντιδῶρα vt Iuriſconſulti docent, &

58 677 868 82 ad ἀντιπελαργίαν quam hoc loco vocat ἀμϲ βὴν

58 726 872 71 Paulus. Hoc exemplo Ciconiarum facere doce¬

58 773 872 80 mur. 3 Ab honeſto. Hoc ipſum Deo gratum eſt

54 822 871 77 & acceptum. Quod ex præcepto Honora patrem

52 875 869 76 & matrem, ſatis intelligi poteſt. Illa enim voce,

52 930 871 69 Honora: non tantùm reuerentia quædam exter¬

50 970 871 72 na ſignificatur, ſed etiam ſubſidium vitæ, quod

50 1022 869 77 eſt à liberis parentibus præſtandum. Quod offi¬

49 1077 872 63 cium etiam pietas hoc loco nominatur, & à Pla¬

45 1117 872 76 tone iuſtitia. At hæc omnia iura ſemel violant,

47 1166 869 82 qui religionis & Monaſticæ vitæ, quam profiten¬

45 1217 871 71 tur, prætextu, ſe ab ea de parentibus alendis cura

43 1262 871 75 Iiberatos eſſe contendunt, quod Monachi facti

41 1315 871 74 ſint. Denique omne liberorum in parentes obſe¬

43 1360 873 80 quium abiiciunt, & officium ſuum, propter votũ

39 1413 877 71 Monachatus à ſe ſemel ſuſceptum, ceſſare & nul¬

38 1464 872 67 Ium iam vſum aut locum habere debere ſentiũt.

41 1507 867 73 Quæ ſanè eſt horrenda impietas & omnis huma¬

36 1556 340 60 ni ſenſus violatio.

87 1604 825 76 Quod autem de parentibus alendis à proprijs

30 1649 875 87 liberis & nepotibus Paulus hoc loco præcipit &

32 1709 873 67 tradit, omnino latius patet. Omnes enim eos, qui

32 1754 867 86 parentum loco ſunt, etiam complectitur:non tã¬
