1505 2180
388 130 255 58 CAPVT V.

861 139 73 62 283

67 190 869 67 ſtiani nominis & doctrinæ contumelia coniun¬

67 237 869 70 ctum eſt. Irridetur enim Dei Eccleſia, quòd tam

65 285 867 71 leues homines habeat, vt qui munus à ſe ſuſce¬

69 341 867 56 ptum ſtatim abdicent, relinquant, & huic mundũ

65 385 871 63 & carnis delicias præferant. Quaſi Chriſtus à

63 432 867 69 ſuis parui fiat & contemnatur apertè etiam ijs,

65 481 869 65 ipſis qui tamen maiores in fide progreſſus feciſſe

65 530 229 64 videbantur.

119 581 822 69 Vox καταςρηγιάζην cum ſequenti, id eſt,  χεισο

61 628 876 65 conſtruitur. Eſt autem ςρηίαζ ην ἀπο τῶ ςερεῖν  vel

59 684 878 59 ςρηνὲς  deductum, quod durum ſignificat & perti¬

56 728 876 60 nax: qualia ſunt animantia nimium ſaginata. Ita¬

56 779 878 60 que ſunt petulantiæ plena & indomita, vnde ci¬

58 828 876 60 bus eſt illis detrahendus, vt in ordinem cogantur

58 877 872 56 & pareant, quemadmodum & Xenophon & i¬

58 922 870 68 pſa rerum experientia faciendum docet. Hac igi¬

56 975 872 62 tur ſimilitudine vtitur Paulus, vt carnis noſtræ

52 1020 876 62 laſciuiam eò turpiorem ac fœdiorem eſſe demõ¬

52 1066 871 69 ſtret, quòd brutis & petulantibus animalibus cõ¬

56 1129 160 57 paratur.

99 1168 827 69 Chryſoſtomus autem interpretatur hanc vocẽ

47 1217 878 71 fornicari, ſed Apocalyp.18.verſ.7. & 9. explicatur

49 1266 656 67 eo ſignificato, quo nunc accipimus.

101 1333 815 71 12 Ex eo damnandæ quòd primam fi¬

45 1382 314 60 dem reiecerint.

96 1464 832 63 Αὔξσις  eſt. Amplificat enim harum iuniorum

43 1506 891 69 viduarum laſciuiam à conſequenti, quòd hac ra¬

43 1558 878 51 tione, & vitæ genere tandem ſibi extremum exi¬

43 1598 874 66 tium acceaſant. Nam eò tandum prolabuntur,

45 1649 874 73 vt Munus à ſe fuſceptum deſerãt, & Fidem ipſam

43 1705 873 62 primam Chriſto datam abnegent. Voces autẽ

41 1751 776 76 has ωρώ την πιςιν  variè interpretes accipiunt.

839 1753 75 85 Alij
