1505 2180
541 118 87 83 290

708 119 566 86 AD I. PAVL. AD TIM.

545 179 870 84 Xenodochijs, & Prochodochijs careret Eccleſia

545 232 869 84 poſtea pauperum numero decreſente & Ptocho¬

543 288 874 66 dochijs conſtitutis, non fuerunt eædem Eccleſiis

545 336 870 69 neceſſariæ. Itaque neque ſunt hodie à nobis re¬

547 383 870 67 tinendæ, niſi eadem & par aliqua cauſa, qualis

547 432 861 73 illo ſeculo fuit, occurreret, & eas retinere ſuade¬

547 474 870 80 ret. Quæ cùm nulla ſit, ceſſante cauſa, ceſſet effe¬

548 526 871 75 ctus neceſſe eſt. Eodem modo videmus veteres

547 583 874 69 habuiſſe plures officiorum Eccleſiaſticorum

552 628 869 78 gradus (vti apparetex aliquot Synodis etiam quã¬

548 677 875 76 do adhuc erat tollerabilis Eccleſiæ forma) quàm

548 723 875 74 nunc habeamus. Itaque quemadmodum illæ

550 773 871 80 dignitates tanquam nobis inutiles hodie propter

550 822 873 71 diuerſam locorum rerum, & perſonarũ inter nos

548 870 875 71 & illos rationem exploſæ ſunt, & ceſſant, qualis

548 919 878 74 Subdiaconatus, Acolythatus, Archidiaconatus,

552 968 874 76 Archipreſbyteratus: ſic & hîc Diaconiſſarũ mu¬

550 1015 878 80 Iierum or do deſijt, nullo prorſus detrimento vel

550 1066 876 78 in doctrina, vel in diſciplina ipſa ab Eccleſia, ac¬

554 1129 136 62 cepto.

599 1157 833 83 Secunda verò quæſtio, quæ ad hunc quoque

552 1217 878 67 locum maximè pertinet, eſt huiuſmodi. Vtrum

554 1264 878 74 rectè à Papiſtis ſanctimoniales ſint in iſtarum

556 1309 878 71 Diaconiſſarum, quas nullius iam eſſe in Eccleſia

554 1362 878 67 vſus videbant, locum ſubſtitutæ: at que vtrum eo¬

554 1409 876 75 rum conſilium & inſtitutum ſit probandum, &

554 1462 876 71 ſe quendum necne. Reſpond. Minimè id quidem,

558 1507 877 73 quia in eo ſtatu hominum & genere inſtituendo

554 1556 881 71 nihil niſi planè Satanicum, ſuperſtitioſum, & in

550 1605 884 64 Deum ipſum blaſphemum à Papiſtis inductum

554 1651 883 71 eſt. Primùm, quia cœlibatum illis ſuis ſanctimo¬

554 1698 883 73 nialibus tanquam legem ad vitam æternam aſſe¬

563 1747 874 87 quendam neceſſariam, & veriſſimæ ſanctitatis

1292 1811 149 54 partem
