1505 2180
487 152 40 58 4

634 138 572 58 AD I. PAVL. AD TIM

479 198 695 56 qui iſtius viam ſalutis exponant nobis.

483 245 869 56 Vocat autem Patrem ſeruatorem vti Tit I.verſ.3

478 287 876 63 & 2. verſ Io. & Chriſtum ſpem noſtrã. Vti enim

478 343 872 56 Pater dedit Filium, per quem ſeruamur.Ioan.3.v.

479 385 871 72 16.ita Filius eſt fundamentũ ſpei & ſalutis noſtrę,

481 437 873 58 vt cùm hæc Patri & Filio communiter tribuun¬

481 485 871 69 tur, intelligamus eſſe indiuiſa Trinitatis opera, &

483 534 871 63 tres perſonas paris, non autem diſſimilis maie¬

481 583 874 63 ſtatis & poteſtatis. Hæc breuiùs perſequor, quia

479 630 551 69 à multis copioſè tractata ſunt.

538 699 814 64 2 Timotheo germano filio in fide. Gra¬

479 748 875 69 tia ſit tibi miſericordia & pax à Deo Patre

481 806 776 76 noſtro, & Chriſto Ieſu Domino noſtro.

541 868 816 56 Timotheus quis fuerit apparet ex Act. 16. &

485 913 869 68 variis Epiſtolarum Pauli locis: Hũc aurẽ vocat &

483 968 871 54 Filium in fide, vt diſtinguat à carnali filio: &

485 1024 872 55 Germanum. i. verum & referentem veros mores

485 1062 867 66 Patris Pauli: nõ igitur fuit hypocrita & fictitius,

488 1113 866 55 vt hodie multi qui magnorum Dei ſeruorum &

485 1159 870 69 filij ſunt & diſcipuli. Quod vtrunque pertinet ad

496 1209 620 64 Timothei laudem & imitationem.

532 1251 823 73 Sic Titum appellat Filium Tit. 1.v3 & Corin¬

483 1304 874 69 thios quoque i Corinth. 4. verſ.14. Tamen obſtat

485 1353 867 60 quod ait Chriſtus Math.23. verſ.9. & Hebr.12.v.9

487 1406 865 54 Vnus eſt Pater animorum, nempe, Deus. Reſp.

488 1453 864 63 Verum eſt per ſe & propriè vnicum eſſe animo¬

481 1502 874 60 rum noſtrorum Patrem, nimirum Deum ipſum:

481 1549 874 60 ſed communicatione quadam, & quatenus homi¬

483 1598 871 60 nes ſont huius noſtræ in fide & Eccleſia Dei ge¬

483 1647 860 64 nerationis, aut potius regenerationis inſtrumẽta,

485 1698 870 64 vox ipſa Patris benignè illis à Deo cõmunicatur,

487 1747 870 91 vti & Patribus carnalibus eadem vox Patris. Plus

1232 1807 127 69 autem
