1505 2180
370 116 289 52 CAPVT VI.

852 114 71 64 459

61 168 871 64 neq; ſe reſpiciant. Breuiter autem addit pondus

61 216 869 67 huic ſuæ exhortationi, cùm eos, quos in Timo¬

61 267 867 69 thei perſona alloquitur, nempe Paſtores Eccle¬

61 316 869 61 ſiæ vocat homines Dei. Ex hac enim ipſorum

59 372 871 56 laude vult eos diligentius officij ſui commonefa¬

61 414 873 60 cere. Neque enim ſolius Timothei propria eſt

61 463 873 67 & peculiaris hæc appellatio. Obiter tamen illud

59 517 871 58 in noſtram vtilitatem & expergefactionem no¬

59 561 873 60 tandum eſt, quòd ſummopere huiuſmodi exhor¬

61 608 875 64 tationes ſunt nobis neceſſariæ, cùm ne ipſi quidẽ

65 657 867 67 Timotheo fuerint inutiles: ſed proh Deum im¬

59 704 875 64 mortalem, quali viro, ad quem nos collati nihil

58 753 876 66 niſi maculæ & turpitudo ipſa videbimur! Nec

59 812 875 54 verò lubens aut iocans Paulus ſic eum admonet,

58 852 876 74 ſed quod illi ipſi, quanquam multum in Dei me¬

59 906 871 58 tu progreſſo, vtilem tamen hanc exhortationem

61 953 426 62 fore viderit & ſperarit.

112 1006 822 54 Quæritur autem, cur Timotheus vocetur ho¬

59 1053 875 67 mo Dei, & quæ ſit huius appellationis propria ſi¬

61 1097 869 69 gnificatio, tum hoc loco: tum etiam alijs penè in¬

58 1148 878 58 finitis. In vniuerſum omnes homines dici poſſũt

59 1195 873 63 homines Dei κληςικῶς & γενικῶς quia & à Deo

58 1242 867 66 ſunt conditi, & illius ſunt. Domini enim eſt o¬

59 1293 873 62 mnis terra & plenitudo eius, & qui in ea habitãt.

58 1342 874 71 Pſalm. 24 & Pſal. 5o. verſ.1o. Quod propter Mar¬

59 1395 877 60 cionitas, Manichæos & alios hæreticos ſcitu ne¬

59 1438 875 71 ceſſarium eſt, quorum alij hominem totum opus

58 1487 870 62 alterius δημιόργο quàm veri Dei eſſe docent : alij

63 1535 863 72 partem quandam hominis, velut alij corpus, alij

58 1587 878 58 animam. Secundo loco dicuntur homines Dei

58 1635 878 65 ἐῖδικῶς &  ἁγιας ικῶς  ſoli Pij, Fideles, & Electi,

61 1682 875 69 quod ab eo ſanctificẽtur, in ijs habitet, & eos pro

61 1733 875 87 ſuo populo peculiariter elegerit Deus. Ex quo
