1505 2180
123 172 867 104 ILLVSTRISSIMOET PO¬

158 254 785 114 TENTISSIMO PRINCIPI

201 348 686 71 ac domino D. Gulielmo Principi

234 397 647 80 Auraico Comiti Naſſæuæo &c.

239 455 629 80 Chriſti gloriæ aſſertori in Hol¬

301 514 491 78 landia & Zelandia for¬

350 570 362 69 tiſsimo, Gratiam

388 628 313 78 & pacem à Do¬

499 693 117 66 mino.

370 808 604 71 Etus eſt illud, Princeps Illu¬

370 866 606 71 ſtriſsime, etiam ab Ariſtotele

374 926 605 71 vſurpatum, Nihil eſſe in ipſa

370 981 607 69 rerum vniuerſitate pulchrius

119 1042 858 71 ordine. Quid enim vel oculis iucũdũ, vel

109 1099 867 72 menti etiam ipſi & animo hominis gra¬

112 1149 864 82 tum obuerſari poteſt, quod ſit confuſum,

107 1209 865 69 & nulla partium apta ſeparatione diſtin¬

105 1266 869 71 ctum? Certè quocunque nõ tantum ocu¬

103 1327 869 71 Ios, ſed omnes animiſenſus cõuerterimus,

107 1386 865 69 ſi quæ in eos incurrunt, neque ordine di¬

110 1436 855 79 geſta, neque apto ſiru inter ſe cohęrẽtia,

107 1504 863 63 neque conuenienti loco & modo collo¬

107 1551 861 74 cata à nobis apparebũt: ea neque vrilita¬

103 1615 869 67 tem, neque venuſtatem aliquam habere

105 1667 863 75 ſtatim pronuntiabimus, tantúmque ab il¬

105 1729 865 74 lis oculorum, animíque intuitum auer¬

703 1789 118 80 ¶  ij.
