1505 2180
748 176 342 52 EPISTOLA.

490 232 856 75 temus, quantum ea nos ad ſe rapiunt, quę

492 283 849 82 cõmoda, |propriáque ratione|, & diſpoſi¬

494 337 858 82 tione diſtinguũtur. Hoc in Regno, hoc in

494 396 858 83 Rep. hoc in oppidis, hoc in pagis, hoc in

494 454 858 78 priuatorũ ædibus, hoc in hortis, & cultis

494 505 858 87 ſedibus, hoc in ſolitudine, hoc in rebus

496 566 850 84 quę natura gignũtur, hoc in artificijs quę

496 621 858 83 hominũ induſtria efficiũtur, verũeſſe ipſa

496 681 859 80 rerum experientia, & publica mortalium

494 746 860 71 omnium, non tantum piorum, ſed etiam

499 788 856 87 profanorum hominũ vox teſtatur: deni¬

496 848 854 83 que Mundus ipſe, pulcherrimũ Dei opus,

496 904 859 80 ab ordine κόσμος nominatur. Quò magis

496 962 861 73 deteſtanda eſt eorum ſentẽtia, qui rerum

496 1017 854 87 confuſione non tantum apud ſe delectã

496 1079 861 81 tur: ſed omnia publica priuatáque euerte¬

496 1131 863 80 re, & perturbationem (iuſto ordine ſubla¬

499 1189 864 80 to)in res omnes inducere conantur, quos

499 1242 864 82 homines ἀτάκτος & Ἀναπχικος tanquã mõ¬

501 1306 854 80 ſtra, & generis humani ἀλάς ορας,  iam pri¬

499 1357 858 87 dem veteres appellarũt. Cæterũ ſi qua in

501 1417 860 78 re alia ordinis obſeruatio diligens non

501 1471 858 80 tãtũ vtilis, ſed etiã omninò neceſſaria eſt,

501 1531 860 84 maximè in Eccleſia Dei locum habere ex

505 1585 858 80 Pauli Apoſtoli præcepto debet. Eſt enim

501 1642 865 78 Eccleſia domus Dei, id eſt ſummi illius

505 1696 861 93 regum Regis, in qua idcirco omnia| circũ¬

510 1756 856 93 ſpectè, aptè, decenter, &, vt Paulus ipſe lo¬

1259 1828 102 61 qui¬
