<?xml version="1.0" encoding="UTF-8"?>
<alto xmlns:xsi="http://www.w3.org/2001/XMLSchema-instance"
      xmlns="http://www.loc.gov/standards/alto/ns-v4#"
      xsi:schemaLocation="http://www.loc.gov/standards/alto/ns-v4# http://www.loc.gov/standards/alto/v4/alto-4-2.xsd">
  <Description>
    <MeasurementUnit>pixel</MeasurementUnit>
    <sourceImageInformation>
      <fileName>6289387.jpeg</fileName>
    </sourceImageInformation>
  </Description>
  <Tags>
    <OtherTag ID="BT7" LABEL="CustomZone" DESCRIPTION="block type CustomZone"/><OtherTag ID="BT8" LABEL="DamageZone" DESCRIPTION="block type DamageZone"/><OtherTag ID="BT9" LABEL="DigitizationArtefactZone" DESCRIPTION="block type DigitizationArtefactZone"/><OtherTag ID="BT10" LABEL="DropCapitalZone" DESCRIPTION="block type DropCapitalZone"/><OtherTag ID="BT11" LABEL="GraphicZone" DESCRIPTION="block type GraphicZone"/><OtherTag ID="BT12" LABEL="MainZone" DESCRIPTION="block type MainZone"/><OtherTag ID="BT13" LABEL="MarginTextZone" DESCRIPTION="block type MarginTextZone"/><OtherTag ID="BT14" LABEL="MusicZone" DESCRIPTION="block type MusicZone"/><OtherTag ID="BT15" LABEL="NumberingZone" DESCRIPTION="block type NumberingZone"/><OtherTag ID="BT17" LABEL="QuireMarksZone" DESCRIPTION="block type QuireMarksZone"/><OtherTag ID="BT18" LABEL="RunningTitleZone" DESCRIPTION="block type RunningTitleZone"/><OtherTag ID="BT19" LABEL="SealZone" DESCRIPTION="block type SealZone"/><OtherTag ID="BT20" LABEL="StampZone" DESCRIPTION="block type StampZone"/><OtherTag ID="BT21" LABEL="TableZone" DESCRIPTION="block type TableZone"/><OtherTag ID="BT22" LABEL="TitlePageZone" DESCRIPTION="block type TitlePageZone"/><OtherTag ID="BT119" LABEL="text" DESCRIPTION="block type text"/>
    <OtherTag ID="LT7" LABEL="CustomLine" DESCRIPTION="line type CustomLine"/><OtherTag ID="LT8" LABEL="DefaultLine" DESCRIPTION="line type DefaultLine"/><OtherTag ID="LT9" LABEL="DropCapitalLine" DESCRIPTION="line type DropCapitalLine"/><OtherTag ID="LT10" LABEL="HeadingLine" DESCRIPTION="line type HeadingLine"/><OtherTag ID="LT11" LABEL="InterlinearLine" DESCRIPTION="line type InterlinearLine"/><OtherTag ID="LT12" LABEL="MusicLine" DESCRIPTION="line type MusicLine"/><OtherTag ID="LT102" LABEL="default" DESCRIPTION="line type default"/><OtherTag ID="LT105" LABEL="CustomLine : BiblicalText" DESCRIPTION="line type CustomLine : BiblicalText"/>
  </Tags>
  <Layout>
    <Page WIDTH="1000"
          HEIGHT="1601"
          PHYSICAL_IMG_NR="1"
          ID="eSc_dummypage_">
      <PrintSpace HPOS="0"
                  VPOS="0"
                  WIDTH="1000"
                  HEIGHT="1601">
        <TextBlock HPOS="107.27001953125"
                   VPOS="75.70159912109375"
                   WIDTH="528.7267456054688"
                   HEIGHT="44.27552032470703"
                   ID="block_1"
                   TAGREFS="BT18">
          <Shape><Polygon POINTS="107.27 75.7016 635.997 75.7016 635.997 119.977 107.27 119.977 107.27 75.7016"/></Shape>
          <TextLine ID="line_0"
                    TAGREFS="LT10"
                    BASELINE="104 113 362 109 636 105" 
                    HPOS="101"
                    VPOS="74"
                    WIDTH="534"
                    HEIGHT="51">
            <Shape><Polygon POINTS="608 76 595 76 582 76 568 76 555 76 542 76 528 76 524 76 101 80 102 112 102 125 429 122 463 117 471 116 480 116 536 121 538 121 579 114 600 120 602 120 603 120 635 112 635 104 631 74 627 74 622 76"/></Shape>
	    <String CONTENT="IN I. EPIST. AD TIMOTH."
                    HPOS="101"
                    VPOS="74"
                    WIDTH="534"
                    HEIGHT="51"></String>
          </TextLine>
        </TextBlock>
        <TextBlock HPOS="682.26611328125"
                   VPOS="82.30472564697266"
                   WIDTH="38.2484130859375"
                   HEIGHT="33.08329772949219"
                   ID="block_2"
                   TAGREFS="BT15">
          <Shape><Polygon POINTS="682.266 82.3047 720.515 82.3047 720.515 115.388 682.266 115.388 682.266 82.3047"/></Shape>
          <TextLine ID="line_1"
                    TAGREFS="LT8"
                    BASELINE="677 105 716 106" 
                    HPOS="677"
                    VPOS="66"
                    WIDTH="39"
                    HEIGHT="46">
            <Shape><Polygon POINTS="677 105 677 112 714 112 716 106 716 66 677 67 677 105"/></Shape>
	    <String CONTENT="47"
                    HPOS="677"
                    VPOS="66"
                    WIDTH="39"
                    HEIGHT="46"
                    WC="0.8510834574699402"></String>
          </TextLine>
        </TextBlock>
        <TextBlock HPOS="58.667667388916016"
                   VPOS="118.55287170410156"
                   WIDTH="699.550350189209"
                   HEIGHT="1211.3365325927734"
                   ID="block_0"
                   TAGREFS="BT12">
          <Shape><Polygon POINTS="58.6677 118.553 758.218 118.553 758.218 1329.89 58.6677 1329.89 58.6677 118.553"/></Shape>
          <TextLine ID="line_2"
                    TAGREFS="LT8"
                    BASELINE="64 160 718 145" 
                    HPOS="62"
                    VPOS="110"
                    WIDTH="656"
                    HEIGHT="63">
            <Shape><Polygon POINTS="64 168 75 173 76 173 77 173 180 166 189 166 198 170 199 170 200 170 201 170 206 166 225 172 226 172 275 170 276 170 277 170 287 164 324 168 325 168 367 163 375 168 376 168 377 168 378 168 379 168 397 162 403 167 404 167 405 167 451 161 594 164 595 164 718 153 718 145 717 118 703 110 702 110 701 110 700 110 676 120 672 121 533 123 529 122 508 114 507 114 480 114 479 114 478 114 477 114 477 115 468 123 467 125 463 123 446 115 445 115 444 115 443 115 427 123 349 117 348 117 347 117 326 126 320 128 314 126 293 119 292 119 291 119 290 119 280 126 279 127 279 126 269 121 268 121 267 121 266 121 250 127 248 128 244 127 229 121 228 121 186 120 185 120 146 122 145 122 132 128 125 133 96 133 89 129 84 126 83 126 82 126 81 126 62 129 64 160"/></Shape>
	    <String CONTENT="Deus ſit rogandus. Deinde impios non indi¬"
                    HPOS="62"
                    VPOS="110"
                    WIDTH="656"
                    HEIGHT="63"
                    WC="0.9636840011392321"></String>
          </TextLine>
          <TextLine ID="line_3"
                    TAGREFS="LT8"
                    BASELINE="65 200 722 189" 
                    HPOS="64"
                    VPOS="158"
                    WIDTH="658"
                    HEIGHT="56">
            <Shape><Polygon POINTS="65 200 65 214 120 209 224 210 278 211 279 211 280 211 281 211 283 209 288 206 330 208 364 209 365 209 380 207 394 204 434 205 501 208 502 208 503 208 504 208 511 203 513 202 524 203 554 206 555 206 556 206 564 202 565 201 581 201 665 205 666 205 722 198 722 189 720 166 649 158 648 158 647 158 625 167 610 167 597 167 596 167 583 159 582 159 581 159 558 159 557 159 556 159 538 168 537 168 532 168 424 161 423 161 422 161 395 169 390 170 387 169 368 164 367 164 366 164 325 169 314 165 314 165 313 165 312 165 302 170 300 171 294 170 250 164 249 164 248 164 232 171 228 173 217 171 176 165 175 165 156 166 155 166 154 166 146 172 144 174 64 174 65 200"/></Shape>
	    <String CONTENT="gnos eſſe noſtra interceſsione, itẽ de nullis re¬"
                    HPOS="64"
                    VPOS="158"
                    WIDTH="658"
                    HEIGHT="56"
                    WC="0.9682704246044159"></String>
          </TextLine>
          <TextLine ID="line_4"
                    TAGREFS="LT8"
                    BASELINE="66 241 724 229" 
                    HPOS="64"
                    VPOS="199"
                    WIDTH="660"
                    HEIGHT="59">
            <Shape><Polygon POINTS="66 241 66 258 83 258 83 257 84 257 85 257 96 249 231 252 300 254 301 254 341 253 342 253 354 249 364 244 374 248 380 250 381 250 382 250 383 250 384 250 388 248 395 244 430 246 448 247 449 247 464 245 491 241 559 241 561 241 575 249 576 249 577 249 578 249 596 243 637 247 637 247 638 247 650 241 670 244 671 244 724 236 724 229 721 208 662 208 647 199 646 199 645 199 645 199 608 200 607 200 580 210 513 210 498 203 497 203 496 203 495 203 473 211 411 203 411 203 410 203 409 203 397 211 384 208 383 208 382 208 346 214 328 205 327 205 326 205 298 209 255 206 254 206 226 208 225 208 225 208 213 216 182 208 181 208 180 208 179 208 159 217 114 209 113 209 112 209 112 209 100 216 92 211 91 211 90 211 89 211 64 219 66 241"/></Shape>
	    <String CONTENT="probis facilè deſperandum cùm indiſcrimi¬"
                    HPOS="64"
                    VPOS="199"
                    WIDTH="660"
                    HEIGHT="59"
                    WC="0.9797310953916505"></String>
          </TextLine>
          <TextLine ID="line_5"
                    TAGREFS="LT8"
                    BASELINE="64 283 725 271" 
                    HPOS="64"
                    VPOS="242"
                    WIDTH="661"
                    HEIGHT="55">
            <Shape><Polygon POINTS="64 283 64 291 77 297 78 297 79 297 112 291 205 296 206 296 280 290 294 294 295 294 296 294 297 294 322 288 346 293 346 293 381 287 390 292 391 292 392 292 393 292 442 285 457 290 458 290 459 290 550 283 592 288 593 288 638 281 674 287 675 287 725 279 725 271 724 246 650 242 649 242 648 242 647 242 641 247 639 249 616 249 614 248 596 243 596 243 595 243 594 243 582 249 579 249 568 249 540 245 539 245 538 245 525 249 524 249 522 249 502 245 501 245 472 250 466 251 462 250 450 246 449 246 448 246 419 251 411 252 403 251 362 248 361 248 360 248 359 248 354 252 352 254 298 255 275 254 205 250 204 250 203 250 202 250 194 256 192 257 96 258 93 257 81 253 80 253 80 253 79 253 64 257 64 283"/></Shape>
	    <String CONTENT="natim pro his omnibus orandum ſit. Com¬"
                    HPOS="64"
                    VPOS="242"
                    WIDTH="661"
                    HEIGHT="55"
                    WC="0.9983685490412589"></String>
          </TextLine>
          <TextLine ID="line_6"
                    TAGREFS="LT8"
                    BASELINE="64 323 728 312" 
                    HPOS="64"
                    VPOS="281"
                    WIDTH="664"
                    HEIGHT="62">
            <Shape><Polygon POINTS="64 323 65 343 80 337 88 342 88 342 89 342 90 342 91 342 111 337 136 341 143 342 144 342 145 342 150 340 169 335 185 339 190 341 191 341 192 341 201 339 230 332 253 337 266 340 267 340 268 340 269 340 273 337 281 331 312 336 325 337 326 337 327 337 338 335 349 332 354 335 361 337 362 337 362 337 363 337 364 337 369 334 373 332 400 332 402 333 410 337 411 337 411 337 412 337 413 337 419 333 426 329 443 332 455 334 456 334 457 334 464 331 474 328 491 330 507 333 508 334 662 334 662 333 663 333 664 333 676 325 678 324 727 324 728 312 725 284 703 289 693 284 682 281 681 281 680 281 679 281 663 285 647 289 601 287 597 287 596 287 595 287 573 291 554 288 530 283 529 283 528 283 527 283 520 289 515 292 472 292 467 289 453 285 452 285 451 285 404 286 403 286 389 291 373 286 372 286 371 286 329 292 317 288 316 288 315 288 314 288 314 288 305 293 301 296 286 294 271 292 270 292 269 292 268 292 266 294 263 297 219 297 212 296 192 289 191 289 190 289 189 289 188 289 180 297 178 298 117 299 114 297 105 291 104 291 104 291 87 291 86 291 85 291 64 298 64 323"/></Shape>
	    <String CONTENT="plemus hoc modo Chriſti mandatum, vt ho¬"
                    HPOS="64"
                    VPOS="281"
                    WIDTH="664"
                    HEIGHT="62"></String>
          </TextLine>
          <TextLine ID="line_7"
                    TAGREFS="LT8"
                    BASELINE="64 365 524 356" 
                    HPOS="63"
                    VPOS="327"
                    WIDTH="461"
                    HEIGHT="55">
            <Shape><Polygon POINTS="64 365 64 382 172 378 185 379 197 381 198 381 199 381 200 381 203 378 209 375 214 378 215 379 216 379 217 379 217 379 218 379 221 378 229 374 236 378 238 378 239 378 240 378 253 377 292 372 298 376 304 378 305 378 306 378 348 374 359 373 361 373 372 378 373 378 374 378 375 378 376 378 381 373 383 372 387 372 414 377 415 377 416 377 427 371 432 370 446 370 483 374 483 374 523 368 524 356 522 333 503 329 502 329 501 329 490 333 489 333 488 333 476 327 475 327 475 327 434 333 419 335 411 333 391 328 390 328 389 328 388 328 374 333 365 337 335 337 329 333 321 329 320 329 319 329 318 329 317 329 313 333 307 337 228 338 208 333 200 331 199 331 198 331 197 331 193 333 180 339 163 335 162 335 161 335 161 335 160 335 150 341 137 341 126 333 125 333 124 333 123 333 63 333 64 365"/></Shape>
	    <String CONTENT="ſti benefaciamus, præcipientis."
                    HPOS="63"
                    VPOS="327"
                    WIDTH="461"
                    HEIGHT="55"></String>
          </TextLine>
          <TextLine ID="line_8"
                    TAGREFS="LT105"
                    BASELINE="122 426 612 416" 
                    HPOS="120"
                    VPOS="378"
                    WIDTH="492"
                    HEIGHT="62">
            <Shape><Polygon POINTS="123 435 134 432 145 435 152 437 153 437 154 437 159 435 167 432 180 434 204 440 205 440 206 440 207 440 213 434 215 433 217 434 221 438 221 439 222 439 223 439 224 440 255 440 255 439 278 434 300 428 338 428 345 433 350 436 351 436 352 436 353 436 371 432 381 430 384 432 388 435 389 435 390 435 391 436 418 436 418 435 419 435 424 431 430 426 482 425 510 430 524 433 525 433 526 433 533 430 539 427 542 430 547 433 548 433 549 433 550 433 557 429 564 426 611 428 612 416 608 378 598 386 574 379 568 378 567 378 566 378 565 378 561 379 547 386 539 383 538 383 537 383 454 388 443 383 435 380 434 380 433 380 432 380 432 381 428 384 427 385 413 385 363 382 362 382 352 386 342 392 310 392 306 388 301 384 301 383 300 383 299 383 298 383 282 384 281 384 274 389 270 392 240 390 170 386 169 386 168 386 161 392 150 386 149 386 148 386 147 386 146 386 146 387 140 394 139 394 120 394 122 426"/></Shape>
	    <String CONTENT="Vt tranquillam &amp; quietam, &amp;c."
                    HPOS="120"
                    VPOS="378"
                    WIDTH="492"
                    HEIGHT="62"></String>
          </TextLine>
          <TextLine ID="line_9"
                    TAGREFS="LT8"
                    BASELINE="137 488 739 478" 
                    HPOS="136"
                    VPOS="444"
                    WIDTH="603"
                    HEIGHT="55">
            <Shape><Polygon POINTS="137 488 137 499 739 491 739 478 737 454 701 454 687 444 686 444 685 444 685 444 637 454 630 456 596 456 593 454 577 445 576 445 575 445 574 445 548 454 486 447 485 447 484 447 483 447 483 448 475 455 473 458 458 458 402 458 396 455 387 450 387 450 386 450 385 450 370 455 362 449 362 449 361 449 360 449 327 456 302 461 289 461 282 456 274 450 274 450 273 450 272 450 230 451 229 451 228 451 224 456 217 462 190 462 173 456 164 453 163 453 162 453 136 456 137 488"/></Shape>
	    <String CONTENT="Tertio loco indicat quo fine ſit orãdum."
                    HPOS="136"
                    VPOS="444"
                    WIDTH="603"
                    HEIGHT="55"
                    WC="0.9955132778097944"></String>
          </TextLine>
          <TextLine ID="line_10"
                    TAGREFS="LT8"
                    BASELINE="72 530 741 519" 
                    HPOS="72"
                    VPOS="487"
                    WIDTH="669"
                    HEIGHT="58">
            <Shape><Polygon POINTS="72 530 72 539 88 544 88 544 89 545 148 545 148 544 149 544 174 538 189 543 190 543 191 543 228 539 276 542 277 542 303 537 338 540 338 540 438 533 465 539 466 539 467 539 467 539 475 532 535 531 548 537 549 537 550 537 590 530 687 535 688 535 741 527 741 519 738 495 677 495 658 487 657 487 656 487 655 487 630 496 630 497 582 497 581 497 558 489 557 489 556 489 556 489 534 498 533 498 532 498 491 491 491 491 490 491 477 498 453 491 452 491 382 491 381 491 380 491 362 499 330 492 330 492 297 493 296 493 279 501 277 502 274 501 242 494 241 494 241 494 213 502 210 504 170 504 169 503 151 496 150 496 149 496 148 496 147 496 137 504 136 505 108 505 106 504 90 497 89 497 88 497 88 497 72 503 72 530"/></Shape>
	    <String CONTENT="Primò vt trãquillã vitã degamus, hoc eſt, pro"
                    HPOS="72"
                    VPOS="487"
                    WIDTH="669"
                    HEIGHT="58"
                    WC="0.9899911503402554"></String>
          </TextLine>
          <TextLine ID="line_11"
                    TAGREFS="LT8"
                    BASELINE="69 571 745 560" 
                    HPOS="68"
                    VPOS="527"
                    WIDTH="677"
                    HEIGHT="62">
            <Shape><Polygon POINTS="69 571 70 589 97 582 113 587 114 587 115 587 116 587 117 587 124 580 153 587 153 587 154 587 155 587 168 581 177 586 177 586 178 586 226 580 264 585 272 586 273 586 274 586 276 585 284 581 360 583 390 583 391 583 400 582 437 574 604 572 641 576 666 579 667 579 668 579 669 579 673 575 677 573 690 575 711 578 712 578 744 573 745 560 744 535 718 527 717 527 701 527 700 527 699 527 698 527 686 535 669 530 668 530 667 530 666 530 650 536 588 537 553 537 544 530 543 530 542 530 541 530 514 530 513 530 512 530 501 538 473 531 472 531 381 532 322 541 245 535 244 535 243 535 225 542 217 536 216 536 215 536 176 536 175 536 174 536 151 545 68 546 69 571"/></Shape>
	    <String CONTENT="pace publica Reip. nã ſub illius alis tuti poſsũt"
                    HPOS="68"
                    VPOS="527"
                    WIDTH="677"
                    HEIGHT="62"
                    WC="0.9936661965706769"></String>
          </TextLine>
          <TextLine ID="line_12"
                    TAGREFS="LT8"
                    BASELINE="69 612 744 601" 
                    HPOS="68"
                    VPOS="569"
                    WIDTH="676"
                    HEIGHT="58">
            <Shape><Polygon POINTS="69 612 69 627 588 614 595 615 621 619 622 619 623 619 637 613 640 613 647 613 698 617 699 617 744 611 744 601 742 578 717 578 697 569 696 569 695 569 637 579 587 578 581 572 580 572 580 572 579 572 578 572 558 579 536 571 535 571 534 571 487 572 486 572 485 572 475 580 432 573 431 573 430 573 407 583 327 584 287 576 286 576 223 586 201 578 200 578 199 578 198 578 181 583 165 579 164 579 163 579 162 579 161 579 152 587 137 579 136 579 102 579 101 579 100 579 68 588 69 612"/></Shape>
	    <String CONTENT="eſſe fideles. Ideo rogandus eſt Deus, vt ſem¬"
                    HPOS="68"
                    VPOS="569"
                    WIDTH="676"
                    HEIGHT="58"
                    WC="0.9986583855417039"></String>
          </TextLine>
          <TextLine ID="line_13"
                    TAGREFS="LT8"
                    BASELINE="72 654 746 643" 
                    HPOS="72"
                    VPOS="611"
                    WIDTH="674"
                    HEIGHT="61">
            <Shape><Polygon POINTS="72 654 72 672 112 672 112 671 112 671 113 671 126 664 155 664 163 670 164 670 165 670 166 670 171 670 211 664 223 668 224 668 225 668 225 668 226 668 237 662 315 667 324 667 325 667 326 667 327 667 335 661 340 666 341 666 342 666 343 667 380 667 420 667 420 666 421 666 422 666 430 659 465 665 468 665 469 665 470 665 471 665 487 658 549 663 552 663 553 663 555 663 595 655 646 655 667 661 668 661 669 661 669 661 674 661 723 655 745 659 746 643 744 611 681 611 680 611 668 612 635 619 590 614 567 612 566 612 565 612 556 615 537 621 428 622 422 618 419 615 419 615 418 615 403 615 402 615 401 615 391 619 382 621 370 619 354 616 354 616 353 616 352 616 347 619 343 622 322 620 293 617 292 617 242 618 241 618 231 622 220 627 181 627 173 623 162 619 161 619 161 619 139 624 121 628 101 628 96 625 93 621 92 621 91 621 90 621 72 625 72 654"/></Shape>
	    <String CONTENT="per aliquod hoſpitiũ piis excitet, vbi tutò illi"
                    HPOS="72"
                    VPOS="611"
                    WIDTH="674"
                    HEIGHT="61"
                    WC="0.9833837294578552"></String>
          </TextLine>
          <TextLine ID="line_14"
                    TAGREFS="LT8"
                    BASELINE="73 697 499 686 746 683" 
                    HPOS="72"
                    VPOS="653"
                    WIDTH="674"
                    HEIGHT="61">
            <Shape><Polygon POINTS="73 697 73 707 103 714 104 714 104 714 105 714 116 707 196 712 197 712 198 712 218 705 248 710 249 710 281 703 309 709 310 709 361 708 362 708 374 703 419 707 419 707 420 707 421 707 429 699 453 699 481 706 482 706 483 706 483 706 493 698 541 698 550 703 551 703 552 703 553 703 554 703 575 697 602 703 603 703 604 703 604 703 612 698 651 702 652 702 746 692 746 683 743 653 72 667 73 697"/></Shape>
	    <String CONTENT="ſeruire poſsint. Hρεμία, trãquillitas eſt, qualis"
                    HPOS="72"
                    VPOS="653"
                    WIDTH="674"
                    HEIGHT="61"></String>
          </TextLine>
          <TextLine ID="line_15"
                    TAGREFS="LT8"
                    BASELINE="71 736 746 724" 
                    HPOS="70"
                    VPOS="694"
                    WIDTH="676"
                    HEIGHT="59">
            <Shape><Polygon POINTS="71 736 71 753 264 743 283 748 285 748 286 748 293 748 338 742 349 746 357 748 358 748 359 748 407 748 408 748 409 748 414 744 418 741 429 743 447 747 448 747 449 747 456 742 462 740 476 742 484 743 485 743 486 743 492 741 505 739 565 740 695 742 696 742 746 734 746 724 743 699 714 701 709 699 696 694 695 694 694 694 658 700 642 703 598 701 503 698 502 698 501 698 500 698 492 703 489 706 481 704 467 699 466 699 465 699 464 699 451 704 443 707 410 705 377 703 376 703 354 706 339 707 336 706 324 701 323 701 322 701 272 702 271 702 270 702 263 707 260 709 251 707 230 703 229 703 228 703 218 708 212 711 70 711 71 736"/></Shape>
	    <String CONTENT="in mari cælo ſereno apparet, vbi mare placi¬"
                    HPOS="70"
                    VPOS="694"
                    WIDTH="676"
                    HEIGHT="59"
                    WC="0.9887394945729863"></String>
          </TextLine>
          <TextLine ID="line_16"
                    TAGREFS="LT8"
                    BASELINE="69 779 746 765" 
                    HPOS="68"
                    VPOS="735"
                    WIDTH="678"
                    HEIGHT="60">
            <Shape><Polygon POINTS="69 779 69 795 133 789 208 791 248 792 249 792 250 792 250 792 253 790 260 787 338 788 426 788 427 788 427 788 428 788 434 785 437 783 454 784 488 787 489 787 548 781 564 780 572 781 609 785 610 785 645 780 699 783 700 783 701 783 714 778 733 782 733 782 734 782 735 782 746 776 746 765 743 741 659 742 636 735 635 735 634 735 633 735 604 744 601 744 588 744 494 741 493 741 448 747 446 747 445 747 423 739 422 739 421 739 420 739 396 748 395 748 362 744 362 744 361 744 345 748 337 742 336 742 335 742 293 741 292 741 291 741 290 741 283 748 272 743 271 743 270 743 269 743 268 743 259 750 207 743 206 743 171 751 158 744 157 744 156 744 105 745 68 754 69 779"/></Shape>
	    <String CONTENT="dũ eſt, &amp; ſibi relictum ab externis cauſis mo¬"
                    HPOS="68"
                    VPOS="735"
                    WIDTH="678"
                    HEIGHT="60"
                    WC="0.9846261118320708"></String>
          </TextLine>
          <TextLine ID="line_17"
                    TAGREFS="LT8"
                    BASELINE="69 820 748 807" 
                    HPOS="68"
                    VPOS="779"
                    WIDTH="680"
                    HEIGHT="54">
            <Shape><Polygon POINTS="69 820 69 832 221 833 222 833 223 833 224 833 229 828 231 828 243 828 293 832 294 832 295 832 311 827 312 827 314 827 338 831 339 831 340 831 341 831 349 826 351 825 354 826 370 830 371 830 372 830 402 826 428 829 429 829 430 829 431 829 438 824 475 828 475 828 559 820 568 820 573 820 631 825 632 825 685 819 700 824 701 824 701 824 748 816 748 807 745 784 603 786 575 780 574 780 548 785 523 779 522 779 521 779 469 786 459 780 458 780 457 780 431 786 393 781 392 781 346 789 308 783 307 783 306 783 306 783 290 793 249 793 205 785 204 785 203 785 202 785 187 794 169 786 169 786 168 786 112 787 68 796 69 820"/></Shape>
	    <String CONTENT="tuũ liberũ : ἡσυχία autẽ trãquillitas animi, v¬"
                    HPOS="68"
                    VPOS="779"
                    WIDTH="680"
                    HEIGHT="54"></String>
          </TextLine>
          <TextLine ID="line_18"
                    TAGREFS="LT8"
                    BASELINE="68 860 748 846" 
                    HPOS="67"
                    VPOS="817"
                    WIDTH="681"
                    HEIGHT="63">
            <Shape><Polygon POINTS="68 860 68 880 110 880 110 879 117 878 153 870 184 876 193 877 194 877 195 877 196 877 198 876 207 868 238 868 310 872 351 874 352 874 378 870 409 865 430 868 451 871 451 871 521 866 528 870 529 870 530 870 531 870 558 866 618 868 619 868 620 868 620 868 627 863 661 867 662 867 663 867 674 862 703 867 704 867 705 867 722 859 724 859 747 859 748 846 745 822 718 823 716 822 705 817 704 817 703 817 702 817 701 817 694 822 691 825 665 825 659 823 641 818 640 818 639 818 638 818 626 823 621 826 577 826 554 824 517 820 516 820 516 820 515 820 511 824 509 826 505 824 499 822 498 822 497 822 496 822 491 824 483 829 422 829 410 825 401 822 400 822 399 822 398 822 397 822 393 826 387 830 379 826 373 823 372 823 371 823 313 824 312 824 306 827 295 832 212 828 194 827 193 827 193 827 192 827 191 828 181 834 148 828 144 828 143 828 142 828 140 828 125 835 117 828 116 828 115 828 114 828 67 828 68 860"/></Shape>
	    <String CONTENT="bi intra ſe etiã nihil habet quod perturbatio¬"
                    HPOS="67"
                    VPOS="817"
                    WIDTH="681"
                    HEIGHT="63"
                    WC="0.99038195483228"></String>
          </TextLine>
          <TextLine ID="line_19"
                    TAGREFS="LT8"
                    BASELINE="71 902 749 890" 
                    HPOS="70"
                    VPOS="860"
                    WIDTH="679"
                    HEIGHT="58">
            <Shape><Polygon POINTS="71 902 71 915 145 918 146 918 171 913 183 910 186 912 194 917 195 917 196 917 197 917 198 917 210 912 214 910 225 911 263 917 264 917 265 917 283 910 287 909 289 910 306 916 307 916 308 916 384 909 451 913 451 913 452 913 480 906 504 912 505 912 506 912 549 904 556 903 561 903 601 909 602 909 649 901 652 901 653 901 674 909 675 909 676 909 677 909 677 909 690 901 749 899 749 890 746 864 686 867 677 865 661 860 660 860 659 860 658 860 657 860 652 865 648 868 627 868 614 866 588 862 588 862 545 868 526 869 523 868 515 864 514 864 513 864 512 864 504 868 499 871 457 871 441 869 409 865 408 865 407 865 406 865 399 869 361 866 360 866 324 871 306 875 255 875 251 873 247 868 246 868 245 868 226 868 225 868 225 868 211 874 209 874 206 874 181 869 180 869 152 874 126 870 125 870 124 870 123 870 123 871 118 875 115 877 70 876 71 902"/></Shape>
	    <String CONTENT="ni dare poſsit occaſionẽ: pax igitur tutiſsima"
                    HPOS="70"
                    VPOS="860"
                    WIDTH="679"
                    HEIGHT="58"
                    WC="0.9940289157502195"></String>
          </TextLine>
          <TextLine ID="line_20"
                    TAGREFS="LT8"
                    BASELINE="71 945 749 931" 
                    HPOS="70"
                    VPOS="900"
                    WIDTH="679"
                    HEIGHT="58">
            <Shape><Polygon POINTS="71 945 71 958 749 946 749 931 746 905 717 906 712 905 689 900 688 900 687 900 676 906 673 908 617 909 610 908 581 901 580 901 580 901 579 901 579 902 572 909 571 909 570 909 563 902 562 902 561 902 546 902 545 902 544 902 530 909 527 911 508 911 505 909 495 903 494 903 493 903 492 903 421 911 412 912 411 911 403 906 403 906 402 906 370 906 369 906 368 906 355 913 352 915 323 915 321 914 313 909 312 909 311 909 310 909 309 909 308 909 300 914 298 915 290 914 255 910 254 910 226 916 220 917 218 916 211 910 210 910 209 910 209 910 208 910 197 916 193 918 170 918 169 917 154 910 153 910 153 910 70 918 71 945"/></Shape>
	    <String CONTENT="eſt, vbi ab externis &amp; domeſticis ſeditionibus"
                    HPOS="70"
                    VPOS="900"
                    WIDTH="679"
                    HEIGHT="58"
                    WC="0.9886089822520381"></String>
          </TextLine>
          <TextLine ID="line_21"
                    TAGREFS="LT8"
                    BASELINE="72 986 750 972" 
                    HPOS="71"
                    VPOS="942"
                    WIDTH="679"
                    HEIGHT="61">
            <Shape><Polygon POINTS="72 986 72 1001 153 1003 154 1003 170 999 185 997 232 998 282 1000 283 1000 301 997 326 992 369 996 394 997 395 997 395 997 404 995 419 990 435 990 440 994 443 997 443 997 444 997 445 997 446 997 453 994 461 991 499 993 536 995 537 995 538 995 544 992 553 989 567 992 578 994 579 994 595 991 623 986 659 989 674 991 675 991 685 989 708 984 749 988 750 972 747 949 665 949 664 949 622 942 621 942 542 944 541 944 525 951 521 953 515 951 495 945 494 945 493 945 461 951 446 955 434 952 423 949 422 949 421 949 390 952 347 957 342 953 337 949 336 949 335 949 334 949 315 953 307 955 299 953 284 949 283 949 282 949 282 949 268 953 252 959 186 960 165 955 156 952 155 952 154 952 142 955 109 962 71 956 72 986"/></Shape>
	    <String CONTENT="tuti ſumus. Εὐσέβεια, certa eſt colẽdi Deũ ra¬"
                    HPOS="71"
                    VPOS="942"
                    WIDTH="679"
                    HEIGHT="61"></String>
          </TextLine>
          <TextLine ID="line_22"
                    TAGREFS="LT8"
                    BASELINE="71 1028 750 1012" 
                    HPOS="70"
                    VPOS="982"
                    WIDTH="680"
                    HEIGHT="63">
            <Shape><Polygon POINTS="675 991 669 982 663 983 662 983 661 983 652 990 651 991 639 991 637 990 629 984 628 984 627 984 626 984 625 984 624 984 614 991 613 991 608 991 588 989 588 989 567 991 550 994 539 992 523 989 522 989 521 989 508 992 500 995 491 992 476 988 475 988 475 988 474 988 459 993 455 994 444 993 406 989 405 989 404 989 395 994 387 997 355 994 325 991 324 991 323 991 310 995 295 999 289 995 288 995 287 995 286 995 285 995 283 995 267 1001 156 1003 120 997 117 997 116 997 115 997 114 997 91 1005 70 998 71 1028 71 1041 80 1045 81 1045 82 1045 108 1039 111 1039 112 1039 144 1045 145 1045 180 1037 184 1037 186 1037 219 1043 220 1043 256 1036 260 1036 263 1036 293 1041 294 1041 330 1035 335 1034 338 1034 370 1039 371 1039 434 1037 435 1037 446 1032 448 1031 452 1031 483 1037 484 1037 519 1030 524 1029 528 1030 556 1035 556 1035 557 1035 558 1035 558 1034 564 1029 564 1029 565 1029 581 1034 582 1034 583 1034 637 1028 645 1027 645 1028 653 1032 654 1032 655 1032 656 1032 714 1026 716 1026 717 1026 739 1030 740 1030 741 1030 741 1030 750 1025 750 1012 748 989 702 982 701 982 678 982 675 991"/></Shape>
	    <String CONTENT="tio. Σεμνότης autẽ honeſtæ vitæ ac morũ. Ita¬"
                    HPOS="70"
                    VPOS="982"
                    WIDTH="680"
                    HEIGHT="63"></String>
          </TextLine>
          <TextLine ID="line_23"
                    TAGREFS="LT8"
                    BASELINE="73 1067 747 1053" 
                    HPOS="72"
                    VPOS="1025"
                    WIDTH="675"
                    HEIGHT="61">
            <Shape><Polygon POINTS="73 1067 73 1086 162 1078 199 1083 207 1084 208 1084 215 1083 239 1078 247 1082 250 1083 250 1083 251 1083 252 1083 256 1081 265 1077 332 1079 371 1080 372 1080 373 1080 379 1078 388 1074 401 1077 407 1078 408 1078 409 1079 470 1079 470 1078 471 1078 484 1074 490 1073 497 1074 521 1078 522 1078 591 1071 612 1070 614 1070 624 1075 625 1075 626 1075 657 1070 661 1069 665 1069 701 1074 701 1074 702 1074 715 1068 716 1067 747 1066 747 1053 745 1031 613 1025 612 1025 584 1026 583 1026 565 1034 564 1034 562 1034 522 1027 521 1027 520 1027 495 1035 479 1035 431 1037 425 1036 398 1031 397 1031 396 1031 386 1037 384 1038 355 1038 354 1037 343 1031 342 1031 319 1031 318 1031 317 1031 300 1037 296 1040 269 1040 266 1038 253 1032 252 1032 251 1032 250 1032 225 1039 220 1040 210 1039 162 1034 161 1034 161 1034 137 1040 135 1041 133 1040 123 1036 122 1036 121 1036 120 1036 120 1036 120 1037 114 1041 112 1043 72 1042 73 1067"/></Shape>
	    <String CONTENT="que ad hos duos fines accõmodari debẽt pre¬"
                    HPOS="72"
                    VPOS="1025"
                    WIDTH="675"
                    HEIGHT="61"
                    WC="0.9890776859389411"></String>
          </TextLine>
          <TextLine ID="line_24"
                    TAGREFS="LT8"
                    BASELINE="76 1109 751 1096" 
                    HPOS="75"
                    VPOS="1066"
                    WIDTH="676"
                    HEIGHT="62">
            <Shape><Polygon POINTS="76 1109 76 1119 95 1127 96 1127 96 1128 124 1128 124 1127 154 1126 155 1126 173 1118 196 1118 205 1125 206 1125 207 1125 208 1125 230 1120 245 1125 246 1125 247 1125 316 1124 317 1124 336 1116 363 1123 364 1123 365 1123 444 1118 490 1120 491 1120 491 1120 521 1112 522 1112 543 1119 544 1119 545 1119 546 1119 562 1111 563 1111 564 1111 584 1115 585 1115 604 1110 606 1110 669 1110 670 1110 684 1116 685 1116 685 1116 686 1116 702 1110 715 1116 716 1116 717 1116 717 1116 718 1116 727 1109 751 1108 751 1096 749 1066 711 1073 686 1068 682 1067 681 1067 680 1067 679 1067 678 1068 669 1075 636 1075 623 1070 620 1068 619 1068 618 1068 617 1068 616 1068 614 1070 607 1075 557 1076 547 1071 543 1070 542 1070 541 1070 531 1072 513 1076 503 1073 495 1070 494 1070 493 1070 492 1070 483 1074 473 1078 452 1075 441 1073 440 1073 429 1075 411 1079 395 1077 371 1072 370 1072 370 1072 354 1078 345 1080 324 1078 277 1074 276 1074 275 1074 262 1080 259 1082 258 1080 250 1075 250 1075 249 1075 231 1075 230 1075 229 1075 228 1075 219 1082 218 1082 217 1082 193 1076 193 1076 192 1076 191 1076 169 1083 168 1084 165 1083 150 1078 149 1078 148 1078 147 1078 146 1078 138 1084 138 1085 75 1086 76 1109"/></Shape>
	    <String CONTENT="ces piorũ ad cõſeruationẽ veræ pietatis, &amp; ad"
                    HPOS="75"
                    VPOS="1066"
                    WIDTH="676"
                    HEIGHT="62"
                    WC="0.9897493546207746"></String>
          </TextLine>
          <TextLine ID="line_25"
                    TAGREFS="LT8"
                    BASELINE="79 1152 748 1135" 
                    HPOS="77"
                    VPOS="1109"
                    WIDTH="671"
                    HEIGHT="60">
            <Shape><Polygon POINTS="79 1152 79 1169 232 1160 238 1165 239 1166 240 1166 241 1166 241 1166 286 1166 286 1166 287 1166 288 1166 291 1163 298 1158 317 1162 330 1164 331 1164 361 1163 362 1163 367 1160 373 1157 380 1159 389 1163 390 1163 391 1163 451 1161 452 1161 468 1157 477 1154 483 1156 491 1158 491 1158 492 1159 572 1159 572 1158 572 1158 592 1152 595 1151 601 1151 637 1155 638 1155 639 1155 652 1150 653 1150 661 1156 662 1156 663 1156 664 1156 712 1155 748 1146 748 1135 745 1110 699 1113 689 1111 677 1109 677 1109 657 1111 637 1115 620 1112 610 1111 609 1111 596 1113 569 1117 537 1114 500 1111 500 1111 466 1116 429 1120 410 1117 395 1114 394 1114 371 1118 343 1122 335 1118 330 1116 330 1116 329 1116 328 1116 319 1118 307 1122 298 1119 290 1117 290 1117 289 1117 275 1119 251 1125 204 1121 183 1119 182 1119 153 1120 153 1120 149 1122 139 1127 123 1122 121 1122 120 1122 120 1122 77 1123 79 1152"/></Shape>
	    <String CONTENT="honeſtatem vitæ: &amp; quia ad hoc etiam pro"
                    HPOS="77"
                    VPOS="1109"
                    WIDTH="671"
                    HEIGHT="60"
                    WC="0.9890038967132568"></String>
          </TextLine>
          <TextLine ID="line_26"
                    TAGREFS="LT8"
                    BASELINE="84 1192 744 1177" 
                    HPOS="82"
                    VPOS="1152"
                    WIDTH="662"
                    HEIGHT="57">
            <Shape><Polygon POINTS="84 1192 84 1201 153 1209 154 1209 155 1209 156 1209 163 1205 189 1206 190 1206 191 1206 192 1206 201 1199 231 1207 232 1207 233 1207 233 1207 234 1207 241 1203 271 1206 272 1206 273 1206 274 1206 289 1198 314 1206 314 1206 315 1206 466 1193 472 1193 486 1193 499 1201 500 1201 500 1201 501 1201 527 1196 533 1200 534 1200 535 1200 536 1200 586 1199 587 1199 588 1199 598 1190 598 1190 629 1189 665 1189 666 1189 673 1195 674 1195 675 1195 676 1195 677 1195 697 1190 720 1196 721 1196 722 1196 723 1196 744 1187 744 1177 742 1157 673 1152 672 1152 671 1152 670 1152 662 1158 661 1159 639 1159 638 1158 628 1153 627 1153 626 1153 573 1159 563 1160 561 1159 554 1154 553 1154 552 1154 551 1154 550 1154 549 1154 549 1155 543 1159 542 1161 501 1162 495 1160 472 1154 471 1154 470 1154 469 1154 453 1161 449 1163 437 1162 393 1156 392 1156 356 1161 331 1158 330 1158 330 1158 310 1164 302 1166 296 1164 287 1160 286 1160 285 1160 284 1160 267 1165 256 1167 250 1165 239 1159 238 1159 237 1159 199 1166 197 1166 196 1166 161 1161 161 1161 136 1166 118 1171 82 1168 84 1192"/></Shape>
	    <String CONTENT="magiſtratibus orandum eſt, patet magi¬"
                    HPOS="82"
                    VPOS="1152"
                    WIDTH="662"
                    HEIGHT="57"
                    WC="0.9673551917076111"></String>
          </TextLine>
          <TextLine ID="line_27"
                    TAGREFS="LT8"
                    BASELINE="86 1234 746 1218" 
                    HPOS="84"
                    VPOS="1189"
                    WIDTH="662"
                    HEIGHT="56">
            <Shape><Polygon POINTS="86 1234 86 1245 379 1244 400 1240 419 1236 492 1235 535 1238 561 1239 562 1239 574 1238 599 1232 617 1237 619 1237 620 1237 620 1237 627 1237 673 1230 711 1235 715 1235 716 1235 717 1235 717 1235 725 1230 744 1234 746 1218 744 1195 732 1190 731 1190 730 1190 706 1194 681 1189 680 1189 639 1198 631 1198 621 1198 600 1195 599 1195 566 1198 547 1200 544 1198 537 1193 536 1193 535 1193 534 1193 533 1193 532 1193 524 1198 521 1201 475 1202 467 1199 451 1194 451 1194 450 1194 449 1194 427 1200 417 1203 413 1200 408 1196 407 1196 406 1196 379 1196 378 1196 377 1196 361 1201 351 1205 344 1201 339 1199 338 1199 338 1199 337 1199 330 1202 316 1206 301 1202 284 1198 283 1198 282 1198 282 1198 275 1202 266 1207 239 1203 232 1202 231 1202 230 1202 229 1202 228 1203 221 1208 84 1206 86 1234"/></Shape>
	    <String CONTENT="ſtratum vtriuſque cuſtodem eſſe, veræ ſcili¬"
                    HPOS="84"
                    VPOS="1189"
                    WIDTH="662"
                    HEIGHT="56"
                    WC="0.9873077151450244"></String>
          </TextLine>
          <TextLine ID="line_28"
                    TAGREFS="LT8"
                    BASELINE="83 1274 746 1260" 
                    HPOS="82"
                    VPOS="1230"
                    WIDTH="664"
                    HEIGHT="60">
            <Shape><Polygon POINTS="83 1274 83 1290 124 1284 139 1288 140 1288 141 1288 166 1283 206 1287 209 1287 209 1287 210 1287 211 1287 217 1282 240 1286 247 1287 248 1287 249 1287 251 1286 260 1281 280 1285 290 1286 290 1286 291 1286 292 1286 294 1284 298 1280 313 1283 321 1285 322 1285 322 1285 323 1285 326 1283 332 1279 354 1282 371 1284 372 1284 415 1280 455 1277 460 1279 467 1281 467 1281 468 1281 495 1278 511 1276 530 1277 579 1279 580 1279 654 1273 664 1272 669 1272 726 1276 727 1276 728 1276 746 1270 746 1260 741 1230 729 1238 682 1235 681 1235 680 1235 661 1239 635 1234 629 1233 628 1233 627 1233 622 1235 603 1242 546 1242 521 1238 508 1236 508 1236 507 1236 501 1238 492 1243 440 1245 426 1241 414 1238 413 1238 412 1238 411 1238 403 1242 403 1242 399 1242 372 1238 371 1238 370 1238 362 1243 354 1247 345 1244 330 1239 330 1239 329 1239 328 1239 327 1239 327 1240 322 1245 322 1245 319 1245 300 1242 299 1242 298 1242 292 1246 286 1249 228 1249 223 1247 207 1242 206 1242 205 1242 82 1252 83 1274"/></Shape>
	    <String CONTENT="cet doctrinæ, &amp; honeſtatis vitæ, in vtraque"
                    HPOS="82"
                    VPOS="1230"
                    WIDTH="664"
                    HEIGHT="60"></String>
          </TextLine>
          <TextLine ID="line_29"
                    TAGREFS="LT8"
                    BASELINE="80 1316 743 1302" 
                    HPOS="79"
                    VPOS="1271"
                    WIDTH="664"
                    HEIGHT="69">
            <Shape><Polygon POINTS="80 1316 80 1335 225 1340 225 1340 226 1340 227 1340 235 1334 236 1334 266 1339 267 1339 268 1339 269 1339 277 1333 278 1333 292 1338 293 1338 294 1338 318 1333 333 1329 346 1333 365 1337 366 1337 367 1337 399 1336 400 1336 411 1332 416 1329 420 1332 426 1335 427 1335 427 1335 428 1336 452 1336 452 1335 482 1335 483 1335 493 1331 508 1326 521 1331 525 1333 526 1333 527 1333 528 1333 534 1331 552 1325 567 1330 574 1333 575 1333 576 1333 609 1330 701 1321 742 1328 743 1302 741 1279 700 1271 699 1271 698 1271 697 1271 697 1271 692 1276 667 1271 666 1271 665 1271 664 1271 655 1279 643 1272 642 1272 615 1272 614 1272 613 1272 596 1280 594 1280 588 1280 540 1274 539 1274 538 1274 524 1280 519 1284 489 1285 417 1285 410 1282 399 1278 398 1278 367 1278 366 1278 310 1279 309 1279 308 1279 304 1283 298 1288 283 1288 275 1284 271 1280 270 1280 269 1280 253 1280 252 1280 251 1280 250 1280 246 1284 238 1290 178 1290 171 1285 167 1282 166 1282 165 1282 164 1282 163 1282 154 1285 141 1290 79 1287 80 1316"/></Shape>
	    <String CONTENT="conſeruanda eſt ſubditis pax. Similia habes"
                    HPOS="79"
                    VPOS="1271"
                    WIDTH="664"
                    HEIGHT="69"></String>
          </TextLine>
        </TextBlock>
      </PrintSpace>
    </Page>
  </Layout>
</alto>
