1092 1720
199 73 51 42 20

368 64 463 53 COMMENTARII

196 116 801 60 de Elia, de Leuiathan, & boue conuiuii mag¬

196 170 800 56 ni in aduentu Meſsiæ, de ouo, de Sole, Luna,

202 215 457 59 pudendas babent fabulas.

241 263 761 62 Alterum eſt genealogiæ præ poſterum ſtu

196 315 801 56 dium : dicuntur autem libri ſeu catalogi ge¬

197 367 797 50 neris certi per medios auos & attauos vſque

198 412 797 61 ad primam ſtirpis originem, tales libri & ca¬

200 461 796 61 talogi erant neceſſarii ante Chriſti aduen¬

200 509 805 59 tum, vt conſtaret de certa Meſsiæ linea. Ex

200 560 802 58 his enim contexi debuit Chriſti Genealogia,

202 609 804 57 & ex his ſcire poterat Paulus, quòd eſſet de

207 660 799 53 Tribu Beniamin. Poſt verò Chriſtum natum

201 708 805 57 abdendi erant, quia tota illa politia delenda

202 757 799 59 fuit, & in Chriſto neque Iudæus, neque Græ¬

202 810 800 54 cuis quicquam valet, ſed noua in Chriſto crea¬

202 856 796 57 tura: ideo diuina diſpenſatione hîc damnan¬

202 905 798 58 tur, & olim Romæ ab Imperatoribus exuſti

202 954 800 60 ſunt. Vide locum de Genealogiis in Proble¬

202 1004 313 56 matibus noſtris.

261 1050 743 62 Tertia ratio eſt, à qualitate falſæ doctri¬

202 1102 802 58 næ, quia ei adhæret ἀπέραντον, infinitum: sũt

202 1149 802 62 autem ἀπέραντα, ἀκαταληπτά, hoc eſt, compre¬

203 1199 801 62 hendi non poſſunt nec vſu, nec intellectus

201 1247 803 63 certitudine. Omne autem tale eſt inutile &

200 1297 800 59 nocens, finita enim eſt & comprehenſa ſalu¬

201 1352 795 60 tis ratio: ergo omne infinitum eſt fugien¬

203 1396 111 55 dum.

251 1442 757 65 Quartò, quæſtiones exhibent magis quàm

201 1492 807 69 ædificationem Dei in fide. Argumẽtum fir¬

892 1553 127 61 mum
