6000 9420
879 737 2853 330 PAVLI AD EPHES.

4057 743 330 324 119

382 1072 3120 414 Sed cum rurſum dicit Paulus.

717 1428 3120 387 Qui deſcẽdit, idẽ ille eſt, qui etiã aſcẽdit.

591 1727 3801 418 Rurſus per allœoſim hæc intelligẽda

382 2098 3979 382 ſunt. Niſi enim tropum adhibeas, neq;

376 2423 4000 392 Pauli, neq; ipſius Chriſti uerba loannis

387 2752 3995 372 decimoſexto cohærebunt. Nam ſecũ¬

392 3077 3995 382 dum diuinitatem de cœlo deſcendit, ſe

397 3427 3990 388 cundum utranq; uerò, ſed potiſſimum

408 3768 3968 350 iuxta humanam, cœlos aſcendit. Ete¬

397 4118 3979 377 nim hęc ueluti hoſpes illuc uenit: quũ

397 4448 3974 392 illa, licet ſemper ubiq; exiſtens, in pro¬

413 4767 3953 408 priã ſuam ſedem reuerſa ſit. Heîc per

403 5092 3994 392 occaſionem fidei articulum noſtræ de

413 5416 3963 413 Chriſti aſcenſione tractabis, & obiter

397 5772 4006 398 docebis, eos qui Chriſti carnem in pa¬

392 6112 4000 393 nem, & ſanguinem in uinum ſymboli¬

403 6468 3973 366 cum includunt, putantes dentibus cor

408 6803 3979 387 poris, Chriſti corpus edi, & non potius

397 7106 3974 372 fide ſur ſum erectis cordibus ubi Chri¬

408 7457 3953 366 ſtus ad dexteram dei ſedet: aut turpiter

418 7839 3964 361 articulum religionis noſtræ ignorare,

2732 8143 346 335 H

3400 8171 173 346 4

3947 8190 471 267 aut
