6000 9420
1664 471 315 525 118

2104 620 3299 376 COMMENT. IN EPIST.

1696 999 4031 377 Ioan. tertio dicat: Nemo aſcendit in

1685 1339 4032 388 cœlum, niſi qui deſcendit, nempe filius

1691 1695 4041 356 hominis, qui eſtin cœlo. Si enim patrẽ

1675 2014 4037 382 nunquam deſeruit, quo pacto ab illo

1680 2328 4042 398 abijt: Reſpondeo, primum à Paulo hęc

1691 2695 4026 345 ethologicè iuxta eorum conſuetudinẽ

1685 2998 4011 408 dici, qui aliquò miſſi ab hero, ſeu magi

1675 3344 4031 366 ſtratu ſuo, legatiõe functa, & rebus be¬

1675 3694 4005 361 ne geſtis, redeunt. Deinde eum per al¬

1670 4029 4021 335 lœoſim, hoc eſt commutationem natu

1680 4343 4005 367 rarum, dicere Chriſtũ de cœlo deſcen

1670 4668 4010 371 diſſe. Non enim niſi ſecundum naturã

1670 4987 4005 398 diuinã deſcendit. Sic & Chriſtus dum

1654 5343 4000 387 dicit, filium hominis in cœlo fuiſſe, per

1675 5709 3995 361 allœoſim humanitati attribuit, quod

1670 6034 4005 371 diuinitatis eſt. Paulus itaq́; per deſcen¬

1675 6374 4005 387 ſionem nihil aliud intelligit, quã quod

1680 6693 3979 377 Chriſti diuinitas humanitate aſſumpta

1675 7065 3974 319 & mortẽ in eâdem obita, nos redeme¬

1670 7379 3984 361 rit. Neq; enim illa ſpacio, aut motu ul¬

1654 7708 4000 377 lo ſic à patre diſceſſit, quin ſemper tan¬

1659 8064 4021 382 quam indiuidua comes ei adhęreret.
