1101 1727
206 78 57 42 116

402 53 452 62 COMMENTARII

445 247 280 66 CAPVT V.

419 341 579 66 RADIT hoc cap. diuerſas regulas

417 391 586 65 ipſi Timotheo, quas in admini¬

422 441 590 64 tratione ofticii ſui ſequatur etiã

417 492 592 63 oportet, is, cui Eccleſiarum Chri¬

217 539 797 69 ſti cura eſt deputata. Initio, vt doctrina fru¬

221 590 794 67 gifera ſit oſtendit: quomodo cuiuſque æta¬

218 638 802 67 tis, &ſexus homines officii admonere debeat,

218 686 804 69 ſcilicet ſumma cum lenitate, ne quod odium

222 742 798 66 priuatum ſeſe in corripiendo, aut arrogantia

219 794 307 61 iuuenilis prodat.

274 829 746 73 Deinde tranſit ad curam viduarum, docẽs

226 887 793 67 quæ de publico ali debeãt, quæue non: itemm

227 934 793 67 quales ad miniſteriũ pauperum admittenda

227 987 793 63 ſint, vt conuerſatio illarum ſcandalo careat.

287 1036 736 67 Tertiò, agit de presbyterorũ cura & pro¬

229 1088 154 59 uiſione.

280 1130 738 66 Quartò, de peccantibus, quomodo feren¬

231 1186 334 58 dum ſit iudicium.

284 1230 736 62 Quintò, de impoſitione manuum admo¬

232 1281 621 62 net ipſum, vt ſit cautus & prudens.

285 1329 734 62 Sextò, priuata adiicit, de curanda valetu¬

234 1376 787 67 dine in tot laboribus. De his ferè diſputatur

236 1436 341 59 hoc capite quinto.

287 1475 747 79 Propoſitio in ſingulis locis quærẽda & con

856 1527 183 65 ſtituenda
