1111 1723
204 69 42 39 4O

389 45 463 56 COMMENTARII

200 104 807 59 periculum, in prima debent ſtare acie, contra

197 154 810 57 hæreſes, contra peccatum, in perſecutioni¬

197 202 808 60 bus, aliíſque Eccleſiæ ærumnis. Quæ mili¬

202 253 804 59 tia eis pulchra erit, hoc eſt, ſpecioſa ac ſplen¬

201 301 795 57 dida ſi vicerint, pulchra eſt ante victoriam,

200 346 799 66 hoc eſt, ardua & difficilis, vt dici ſolet, diffici¬

200 398 307 64 lia quæ pulehra.

267 448 592 65 19 Habens fidem & bonam, &c.

319 501 690 58 Vt pulchra poſsit eſſe Timothei mili¬

202 553 814 58 tia circunſcribit illius quaſi limites, q. d. duo

202 603 814 59 imprimis ſpectabis in officio tuo, fidemi ſcili¬

202 654 813 57 cet & bonam conſcientiam, quibus ſeruatis

204 700 812 60 glorioſa erit tua militia, vt eiſdem amiſsis fœ

202 752 812 58 da & turpis ſequetur fuga. Et faciunt hæc

201 803 809 57 eadem ad argumenta: ſunt enim iſta præſi¬

201 852 808 59 dia maxima quibus nititur in exequendo ſuo

200 898 154 63 officio.

252 945 757 64 Quarta igitur ratio eſt. Quia habes fidem,

200 998 819 58 hoc eſt, rationem ſanæ doctrinæ, quam hîc

200 1049 821 60 omnino per ſidem accipere conuenit, quaſi

199 1095 821 58 dicat, nota eſt tibi formula ſanæ doctrinæ, er¬

202 1143 819 63 go illam vigilanter retine in tua Eccleſia, fa¬

198 1194 822 58 ciliùs autem conſeruatur ſi nota ſit ſana do¬

198 1242 822 61 ctrina: nota autem ei erat ex Apoſtoli inſti¬

197 1292 818 63 tutione: notam habes, ergo facilè defendes

196 1339 318 62 ſi fueris vigilans.

250 1390 762 60 Quintò, ET BONAM CONSCIEN¬

206 1439 803 60 TIAM. Præſidium alterum eſt ad victoriã,

198 1490 821 72 & meta rectè agendi in hac militia. Bona

910 1551 109 61 con¬
