1099 1722
153 34 654 60 IN I. EPIST. AD TIMOTH.

834 44 53 54 73

76 88 815 65 ſtudio & bonorum operum exercitio bona

80 139 812 63 naſcitur: mala autem vitæ petulantia ac im

87 190 793 63 probitate : rectè igitur fidei coniungit con

85 243 386 57 ſcientiæ puritatem.

132 287 504 62 I0 Et hi probentur, &c.

154 338 728 63 Virtutibus addit probationem, nam vir

82 389 808 60 tutes co gnoſci debent publicè. Probari au¬

84 441 808 59 tem accipio, pro examiinari, rogantur de vo¬

89 488 802 63 lũtate & facultate velíntne & poſsint Eccle¬

94 539 796 59 ſiæ vtiliter ſeruire. Facultas cognoſcetur ex

93 587 798 60 atticulis fidei, & dexteritate concionandi, au

104 636 788 63 diatur ergo quomodo verbum Dei ihterpre

105 687 779 62 tetur, qualis ſit illius vox, qui geſtus, habitus,

103 737 700 57 methodus in tractandis locis, &c.

145 784 745 59 Poſt examen officii eſt inauguratio, mi¬

97 833 793 61 niſtrorũ Eccleſiæ, ſcil. docendo, conſolando,

99 883 790 61 Viſitando ægrotos: hinc ſuo epiſcopo, & a¬

89 932 803 63 liis fratribus. Tertiò, repetit virtutes in ge¬

88 985 801 56 nere omnes, SI SITIRREPREHENSTBILIS:

96 1033 796 57 conditio eſt neceſſaria, non enim eruditio, &

95 1079 779 64 eloquentia hîc rei ſatisfacit.

155 1127 712 67 I1 Vxores ſimiliter, &c.

165 1181 728 65 Quartò, loquitur de vxoribus miniſtro¬

98 1236 796 59 rũ & diaconorũ. Nã quòd alii de diaconiſsis

94 1286 799 54 hoc accipiunt, non ſatis firmum eſt, minus

96 1333 798 62 etiam placet eorum ſententia, qui in genere

95 1382 799 58 de ſexu muliebri hæc interpretantur.. Priùs

96 1431 799 59 enim cap.2.verſu 9. harum decorum deſcri¬

92 1479 802 85 pſit, vt non ſit opus hîc repetere. Itaque
