1090 1723
205 57 31 49 34

388 42 442 58 COMMENTARII

196 91 805 66 ſint, tamen non prodeſt illis Chriſtus, quan¬

198 146 810 61 doqui dem peccatum non agnoſcunt, imò ſibi

197 197 270 54 iuſti videntur.

227 241 778 57 Sonat Chriſtus vnctum, & rectè, habet e¬

196 292 807 61 nim vnctionem multiplicem. Prima huma¬

195 340 806 63 nitatis eſt in humilitate, ſecundum quam ho¬

195 389 804 62 mo verus natus eſt. Altera eſt miniſterii &

197 438 809 65 officii propria, quæ declarata eſt in Baptiſ¬

195 490 815 59 mo: tum enim nobis vt doctor commenda¬

196 537 813 61 tus eſt à Deo Patre. Tertia, eſt dignitatis, ſe¬

195 587 814 60 cundum quam vt rex vnctus eſt. Eſt enim

196 638 811 56 non ſolùm Pontifex noſter, ſed etiam rex.

198 686 809 59 Hanc declarauit in die Palmarum, quando ſe

198 735 804 63 Iudæis tanquam rex obtulit, talis olim redi¬

195 781 210 66 bit iudex.

206 831 793 67 De prima & ſecunda vnctione hîc loqui¬

197 886 801 58 tur, VENIT SALVARE PECCATORES. Sic

196 934 800 59 Ioan.3.Ver.I4. Vt Moſes exaltauit ſerpẽtem,

194 983 811 58 ſic oportet exaltari filiũ hominis, vt omnis qui

194 1029 811 61 credit in illum non pereat, ſed habeat vitam

192 1077 812 64 æternam. Hinc dicitur ſaluator mundi, hoſtia

203 1130 624 61 pro pecca tis noſtris, redemptor, &c.

266 1177 459 62 Quorum ego ſum primus.

282 1233 721 60 Communi regulæ ſeſe inuoluit: atque

192 1276 808 66 hic verus ſcripturæ vſus eſt, vt nobis applice¬

190 1329 805 60 mus ſalutaria, quò ſpem habeamus de ſalute

191 1378 803 60 noſtra. Obſerua autem in confeſs ione pecca¬

191 1427 810 63 torum promptitudinem: dicit, ECo SVM

194 1481 810 64 PRIMVS PECCATORVM, non Vti¬

916 1540 89 57 que
