6000 9420
1602 431 345 408 112

2104 557 3322 306 COMMENT. IN EPIST.

1607 889 3958 398 Deinde quæ cauſa colendi multos de

1623 1245 3963 366 os Gentibus olim fuerit, eandẽ quoq;

1612 1596 3995 345 nobis multos diuos, & patronos colen

1623 1899 3979 377 tibus fuiſſe. De quouide eundem La¬

1633 2250 3953 361 ctantium libro ſecundo, & Zuing¬

1654 2595 3455 356 lium noſtrũ in præcitato libello.

2324 3019 1990 288 Verum unicuiq; nostrum.

1926 3260 3697 387 Per anthypophoram tacitæ quæſti

1680 3590 3937 387 oni reſpondet. Quum enim Epheſio¬

1680 3919 3932 408 rũ aliquis quęſijſlet: Si deus (ut tu Pau¬

1675 4249 3958 398 le) aſſeris in omnibus nobis eſt, quî fit

1685 4631 3938 366 igitur quod dona illius tam imparia in

1680 4950 3948 367 nobis ſint, cur nõ potius æque magna

1680 5290 3948 351 in omneis cõfert, ità ut nullus cauſam

1685 5610 3943 371 ſe extollẽdi ſupra proximum habeat:

1691 5960 3947 367 Reſpondet itaq; Paulus, imò unicuiq;

1685 6274 3964 367 noſtrum data eſt gratia ſecundum mẽ

1685 6625 3974 366 ſurã donationis Chriſti:ideoq́; nemini

1691 6965 3958 372 quantumuis excellenti dono prædito

1691 7295 3947 377 licet ſe alijs anteponere. Si enim gra¬

1696 7614 3963 393 tuitum Chriſti donum eſt, non poteſt

4591 8012 1052 340 tanquam
