6000 9420
1798 737 314 464 116

2222 792 3346 354 COMMENT. IN EPIST.

1801 1177 4020 356 ria dona donauit. Hoc loci common¬

1816 1481 4037 413 ſtrabis Chriſtum multò efficatius in pi

1821 1800 4021 408 orum cordibus ſe exeruiſſe poſt aſcen¬

1827 2129 4026 419 ſionem ſuam, quàm ante. Siquidẽ A¬

1842 2517 4000 392 poſtoli, &quotquot illi conuixerũt, car

1848 2836 4015 403 nali quodam affectu erga illum tange¬

1853 3155 4026 414 bantur: & ab eius corporali præſentia

1858 3501 4011 382 toti pendebant. Poſt aſcenſionem ue¬

1863 3841 4021 398 rò, & acceptum paracletum longè ma

1890 4165 4000 414 gis ad cœleſtia aſpirabant, &terrena o¬

1879 4490 4016 397 mnia contẽnebant. Atq; hoc eſt, quod

1890 4835 4010 398 Chriſtus loãnis decimoſexto ait: Expe

1890 5160 4015 397 dit uobis ut abeam: Niſi em̃ abiero cõ¬

1895 5500 4010 418 ſolator ille nõ ueniet aduos. Vnde pa¬

1910 5871 4006 372 tet, eos toto cœlo errare, qui corpora¬

1910 6175 4016 398 lem Chriſti pręſentiam in pane ſacra¬

1905 6484 4032 429 mentali confingũt, corporaliq́; eſui id

1905 6829 4032 429 tribuunt quod eſt ſolius fidei & diuini

1916 7274 953 366 ſpiritus.

2581 7551 1979 319 Cæterum illud aſcendit.

2240 7823 3691 440 Poſteaquam Paulus ſententiam ſu¬

5549 8190 403 324 am
