1081 1728
196 64 62 44 108

382 50 460 54 COMMENTARII

191 101 793 65 diocres ferri poſſunt, in ipſis excellentes de¬

190 154 795 62 bent eſſe. Hac vt ad mores principis totus

190 203 792 61 componitur orbis : ſic auditores facilè arri¬

192 253 789 65 pient paſtoris vitam, vt ſit populus qualis

191 302 784 59 eſt ſacerdos. Vt igitur moratus ſit, ſacer¬

190 351 778 61 dotem moratum eſſe oportet, & verè νό¬

191 398 778 64 μεν ἔμψυχον, vita debet eſſe lex. Id orditur

191 450 786 61 à doctrina: λόγον enim accipio, primùm pro

191 499 789 59 doctrina ſana quam profitetur publicè ne

191 546 790 66 obſcuret ipſam aut ſophiſticè implicet gry¬

192 596 786 67 phis non neceſſariis. Deinde ſermo quotidia¬

191 648 434 61 nus ſit caſtus & pudicus.

235 699 742 55 Deinde, SIT TYPVS ETIAM IN CON¬

195 746 788 58 VERSATIONE:duo ſumma ſunt capita, do

191 796 792 59 ctrinæ puritas, & vitæ innocentia:illam dixit

191 842 788 65 in genere λόγον. hanc dicit ἀναστροφὴν , qua cõ¬

194 894 785 61 plectitur totam vitam, quæ ſimpliciter de¬

191 943 792 60 bet eſſe inculpabilis, vt I. Pet.2. ver. I2. Apo¬

192 991 791 62 ſtolus Petrus quoque requirit à fidelibus om

191 1042 790 57 nibus: ideo hîc in miniſtro excellentia acci¬

195 1094 788 57 piuntur: virtus enim in auditoribus quoque

192 1136 661 61 requiritur, ſed excellentia in doctore.

253 1186 730 59 Tertiò, IN DILECTIONE, tum qua

194 1237 788 56 Dei amnorem teſtabitur, tum erga proxi¬

192 1284 783 59 mum benefaciendi & viuendi ſtudium,

194 1334 778 59 vt Deum ſupra omnia diligat: proximum

191 1386 777 60 autem vt ſeipſum, vel proximè ad hunc ac¬

192 1436 278 61 cedat gradum.

246 1481 724 73 Quartò, IN SPIRITV, hoc eſt, zelo pieta¬

914 1534 60 60 tis,
