1091 1726
213 66 64 39 128

381 57 450 49 COMMENTARII

212 102 799 63 ratione, & illatione. Propoſitio eſt, IVNIO¬

213 154 799 59 RES VITATO, hoc eſt, indignas iudica¬

211 204 797 57 to publico alimento & miniſterio Eccleſiæ,

207 254 802 57 item priuato & ſolitario colloquio ne viole¬

210 305 794 52 tur caſtitas : periculoſum enim eſt iuuenem

206 349 790 59 miniſtrum cum iuuencula vidua ſecretiùs a¬

210 398 786 62 gere, & familiariùs colloqui: proditur enim

210 449 793 62 pudor, & proximus eſt lapſus & periculũ ſcã¬

207 498 798 58 dali. Ratio eſt à communiter conſequentibus

210 548 797 58 vtplurimũ veris. Primùm.n. SOLENT LAS¬

207 598 794 56 CIVIRE CONTRACHRISTVM,ET NVPTV¬

208 648 797 55 RIVNT MVTATO CON. quod quũ in Eccleſia

204 695 800 58 Chriſti ſine infamia non poſsint, cogitãt ple¬

199 744 803 58 nam defectionem a tota profeſsione Chriſti,

200 793 621 61 quod eſt laſciuire contra Chriſtum.

258 844 507 64 12 Habentes iudicium, &c.

297 900 702 59 Alterum argumentum ex ſuperiori na¬

197 952 803 56 tum : fidem primam abnegarunt, ergo cauẽ¬

197 998 804 57 dæ ſunt. Item, habent iudicium, hoc eſt, dam¬

196 1048 803 57 nabiles ſunt : igitur cauendæ. Κρῖμα habent.

193 1096 808 58 hoc eſt, κατακρίμα, ídque apud Deum, quem

191 1142 806 61 fallere non poſsunt. Deinde apud piam Ec¬

192 1193 806 62 cleſiam militantem, quomodo ſua petulantia

192 1238 802 70 offendunt. Denique apud Satanam cui parẽt,

191 1289 686 63 qui accuſator illarum erit apud Deum.

228 1342 752 59 Primam autẽ fidem accipio pro tota Chri¬

189 1390 792 63 ſtianiſmi profeſsione, quæ meritò prima fi¬

190 1438 795 66 des eſt, hoc eſt, prima fidei profeſsio. Idem

192 1487 791 78 Græcis dicitur πίστις, hoc eſt, fidei profeſsio,

864 1557 120 59 quam
