923 1435
15 78 640 50 Sic vario curſu variat Sol tempora, & annum

18 125 626 47 Quattuor in partes totum diſcriminat aquas:

15 164 626 49 Circuiénſque orbem terrarum ſeruit vtriſque

19 207 629 48 Gentibus, & quæ ſub terra verſantur, & illis

20 250 696 47 Quæ ſupra, atq; pari moderamine temperat omnes,

19 289 709 51 Nam ſub terra homines etiam ſunt, non mare tan¬

48 337 90 38 tum,

17 370 644 50 Aut ſilua: neque enim Solem natura diémque

18 412 531 51 Iußiſſet radios illic diffundere inanes,

19 457 611 50 Et ſolùm ſeruire feris, generique natantum.

18 498 576 43 Nimirum tellus habitatur tota, nec vllus

19 538 685 47 Eſt locus, aut zona vlla, in qua non viuere poßint

19 581 577 49 Mort ales, aptáſque ſibi componere ſedes:

19 621 665 51 Sit licet immodicum frigus, vel maximus æſtus

20 663 529 52 Illic aßiduè: natura vbi triſtia fixit,

20 703 686 53 Lata adhibet, miſcétque ſagax aduerſa ſecundis:

20 750 685 48 Atque ubi fert morbos, medicamina debit agignis.

21 790 653 51 Ergo vbicunque calor nimins reperitur, ibidem

21 831 682 53 Non gelidi montes, non frigida flamina deſunt,

21 872 714 53 Non ſiluæ ombrifera, & multis cũ fontibus amnes.

23 916 638 50 Qua valeant homines tante defendere ab aſtu.

23 956 547 51 Praterea eſt illic ſemper nox æqua diei,

24 998 536 54 Quæ ſolis radios aquato frigore frænat.

21 1040 629 53 Vnde fit vt zonam mediam non eſſe putemus

23 1084 630 48 Deſertam omnino: multos ſed habere colonos,

23 1128 616 46 Et proprio ingenio, & natura munere turos.

23 1167 672 46 Zonæ etiam extrema, quæs non habitarier aiunt,

24 1207 607 52 aßiduis niuibus preſſas, glaciéque perenni,

25 1247 650 63 Poſſant nempe coli, vt ratio non friuola ſuadet.

245 45 253 44 AQVARIVS.

677 42 52 61 343

458 1303 100 54 2 4

654 1284 80 70 Max
