859 1454
152 93 696 53 Sanguis enim, aut alius vice ſanguinis humor in

194 120 78 48 ipſis

150 159 693 66 Diffuſus membris, animam vehit, atque alit ipſum

150 207 681 58 Corpus: quo vegetante, mouens vis concitat artus,

148 247 646 59 Spiritus eſt etiame quidam tenuíſque leuíſque,

149 289 670 61 Quem generat calor, ac ſanguis reſolutus ab ipſo,

146 327 518 55 Ceu ſolet à radijs ſolis reſoluta creare

146 370 643 62 Vnda leues agiléſque auras. hic ſpiritus intra

146 413 648 61 Viſcera concluſus paßim fluitánſque cauernis

144 454 662 64 Corporeis, animæ præſtò eſt, animaq́; miniſtrat,

147 495 669 65 Quum vult ipſa aliquid fieri, corpúſque moueri,

142 540 703 63 Perùm hi qui ſomno oppreßi ſunt, quomodo motum

143 582 665 60 Exercent? nam ſæpe aliquis per ſomnia ſurgens

141 624 705 60 Arma capit, vel ſternit equum, cel ſcribit, vt aiunt

141 664 614 62 Vel citharam digitus pulſat ſopitus inertem.

141 706 671 61 Scire opus eſt, rerum in nobis ſimulacra manere,

140 748 631 63 Quas viſu aut alio ſenſu percepimus: hinc eſt

141 790 693 67 Quòd quaſi præſenté, abſentem ſpectare videmur,

140 838 623 54 Quòd iam praterit as voces audire putamus.

134 874 615 61 Has igitur ſpecies, cerebri penetralibus altis

135 916 611 59 Incluſas: turbat ſtomacho qui ſurgit ab imo

132 956 659 65 Euolitátque vapor: tunc mens deluſa, mouetur

130 1004 613 57 Atque mouet corpus, fuerit ſi fortis imago.

130 1040 716 64 Sed caudam colubri abſciſſam, caudámque lacerta

128 1084 663 59 Motantem ſeſe, nunquid mouet ipſa voluntas?

129 1129 655 57 An potius vis illa anima, quam nomine Graij

125 1166 691 62 Phantaſiam dicunt? ceu quos vel dira phrenitis

126 1208 699 64 Vel Bacchi liquor immodicus, vel ſomnia vexant?

126 1253 615 68 Anratione alia id contingit? forſitan intra

161 31 61 49 188

286 42 509 50 MARCEL. PALINGENII

775 1306 71 60 Nodo
