1128 1876
309 118 712 66 IN EPISTOLAM AD EPHESIOS

244 173 822 75 beat, quod contemptis omne genus periculis tam confi¬

244 226 821 72 denter egerit in negotio Euangelico, quo perſuadeat &

245 273 820 80 Epheſijs animia lacritatem, & ne ob ſua uincula fran¬

242 326 131 71 gantur·

297 375 769 65 Ad idem faicit, quod ſubijcit, & aditũ habemus, quod

240 425 823 73 perinde mibi eſt, ac ſi dixiſſet, per quem audemus rem i¬

240 484 825 58 pſam, quantumlibet periculoſam aggredi, & pro gloria

240 529 822 63 Chriſti fortiter agere·Cũ enim ſermo Euangelicus, prin¬

237 575 825 69 cipem mundi imperio deturbet, adire certe quæ in illius

237 630 825 65 poteſtate detinentur, & cõfidenter agere de regno Chri

237 678 823 73 sti, cui ille irreconciltabilis hoſtis est, magni fortisq́; ſpiri

237 725 822 67 tus res est, longeq́; ſupra uires humanas· Recte crgo per

239 775 821 66 Chriſtum hunc ſe aditum habere, & audaciam loquendi

239 822 817 75 gloriatur. Alius forte hunc aditum ad patrem intelligat,

236 873 824 72 de quo ſupra cap·2·ſect·σ·ſed quia (ad patrem) hic non

233 923 827 69 eſt adiectum, & omnino hic de ea fidutia & aditu, loqui

229 972 827 72 uidetur, unde factum fuerat, ut uinctus Romam mittere¬

229 1022 827 67 tur, malo aditum hunc intelligere, de audenti aggreßione

231 1072 825 77 Christo quàm plurimos lucrifaciendi, Satanæ tyrannide

229 1120 177 66 uindicatos·

280 1174 769 71 Mox uero magis explicat, quomodo per Chriſtum &

226 1222 825 78 fidutiam loquendi de arcano eius, & adeundi Euangelio

225 1270 826 77 quoſlibet nactus ſit, dum ſubijcit· Ex fidutia quam ſuppe

223 1324 828 65 ditat, qua erga ipſum ſumus, fide· Verti etiam poteſt· In

222 1371 829 75 perſuaſione, quæ est per fidem eius · Fides Chriſti, fides

219 1432 835 62 eſt quam habemus Euangelio eius, hac certo credimus

219 1474 833 79 non ſolum ipſi noſtra omnia curæ eſſe, & uigilare eum

948 1538 93 86 ſuper

48 1258 149 69 Ex fidu¬

51 1311 60 64 tia·
