1128 1876
104 93 684 85 M. BVCERI COMMENTARIVS·

827 104 45 67 29

48 161 818 89 & ſanctam iucunditatem adferant· Cum illamitaq; nihil

48 218 812 79 æque in nobis queat accendere, atq; probe expendiſſe,

48 267 817 78 quanta nos Deus dilectione præuenit, hanc ut ſuperiori

48 315 818 83 ſectiuncula cœpit, conſiderandam latius proponit· Me¬

48 365 818 78 morat nos filios D E I factos, quo quid potuiſſet no¬

48 417 824 73 bis contingere diuinius, contigit id autem ex mera & li¬

48 472 824 62 bera Dei beneuolentia, debet ergo hoc mouere nos, ut pa

48 515 824 79 trem ſummo studio referamus, ut quemadmodum ipſe bo

50 565 827 72 nitatem ſuã effuſißime & gratuito exhibet omnibus, ita

50 617 827 67 & nos benefici in quoſlibet ſimus, nihil aliud ſpectantes,

51 670 826 71 quàm quia ita patri noſtro gratũ est, & cedit in rem pro

53 722 618 61 ximorum De qua imitatione & Matth·5·

103 764 782 75 Adiſcituero & exemplum Chriſti, quo nemo poteſt

59 816 826 68 maiorem dilectionemexhibere, animam enim ſuam pro

59 866 824 76 nobis poſuit peccatoribus & ingratis. Vt uero hanc in¬

59 920 828 72 comparabilem beneficentiam amplius commendaret, fru

59 970 826 66 ctum ſimulhuius beneficij exponit · Quod enim ſemet¬

59 1014 828 78 ipſum tradidit pro nobis, hoſtia & ſacrificium fuit, quo

59 1066 828 75 ut unice pater oblectatus fuit, ita omnia nobis, eius gra¬

59 1114 829 78 tia, peccata cõdonauit · De quo ſupra quædã cap·1·Sect·4·

112 1163 778 76 Cæterũ ſolet ſcriptura, quæ uult ſacrificia grata fuiße

67 1216 823 76 Deo ſignificare, dicere ea odorem ſuauem dediſſe Deo¬

67 1266 827 76 Sic Noach ſacrificium, gratum ſuauemq; nidorem dediſſe

67 1316 829 69 Domino ſcribitur 1·Moſcheh 9· lam ex pſal·50· & alijs

67 1363 831 72 multis prophetarũ testimonijs facile liquet, quàm parui

67 1414 837 75 æſtimarit ſemꝑ Deus, nidorẽ aduſtæ carnis, ſed ea demũ

67 1464 837 86 ſacrificia grata habuerit, in quibus animi deuotionẽ &

635 1525 272 63 M 3 pietatem

882 189 156 68 Dilectione

883 245 135 61 nos filios

891 295 130 67 Dei decla

888 358 108 51 ramus·
