1807 2677
617 141 84 68 18

782 141 709 79 AD I. PAVL. AD TIM.

611 211 1056 84 bi Marth.23. verſ.7. 4 Temerarij, aſſertores &

605 275 1062 75 habere ſe clauem ſcientiæ iactant. Matth. 23. Ex

608 337 1056 73 quibus omnibus intelligitur, quàm graphicè &

609 391 1056 77 verè hîc nobis à Paulo propoſita ſit Scholaſtica

612 453 1053 74 Theologia & Mag ſtrorum noſtrorum mores &

606 513 1058 75 ingenia deſcripta, ne non facilè hodie agnoſci

608 569 1056 80 poſſent, niſi planè vel in ipſo Meridie cæcutire

609 630 1056 73 velimus. Denique cùm totam fidei doctrinam

603 697 1059 70 corrũpant, nulli tamen & doctiores & ſanctiores

608 746 1054 80 videri volunt, quàm furfures iſti & Midæ por¬

608 807 537 82 tantes auriculas aſini.

633 923 1025 91 8 Scimus autem bonam eſſe Legem, ſi¬

605 997 590 84 quis ea legitimè vtatur.

643 1082 1015 91 Hypophora, per quam occurrit calumniæ, qua

603 1155 1053 76 & ipſe, & doctrina Euangelij grauabatur, quaſi

603 1212 1055 77 Dei Legem, quæ ſacroſancta eſt, & Prophetarũ

602 1273 1062 75 teſtimonijs confirmata, ſperneret & damnaret

603 1329 1053 77 Paulus tanquam vanam doctrinam, quia Genea¬

603 1392 1055 66 logias, & huiuſmodi quæſtiones ſuperius re¬

602 1448 1053 67 prehenderat. Nec verò vno tantùm loco Paulus

602 1506 1054 71 cogitur ſe ab ea graui accuſatione defẽdere, quaſi

602 1561 1048 74 Dei Legem damnaret: ſed ſrpius, vti Rom. 7.v.

602 1618 1048 78 12. & Oalat.3.verſ.24. Ex quo facilè int elligitur,

603 1680 1044 74 quàm validè & aſtutè oppugnata ſit Euangelij

602 1738 1048 73 doctrina ab iſtis nebulonibus & aërẽ ipſum ſub¬

600 1793 1050 80 tilitate ſuarum quęſtionum fatigantibus homini¬

602 1850 1053 77 bus: quaſi manifeſto Dei verbo eſſet contraria

599 1912 1054 80 Euangelii puri prædicatio. Quod idem nobis à

599 1973 1056 77 Doctoribus Papiſtarum obiicitur. Sed ex hoc i¬

600 2033 1052 75 pſo loco apparet eos qui tunc temporis tam ſan¬

602 2089 1053 112 ctis admonitionibus repugnarent maximè fuiſſe

1475 2157 177 76 Iudæos
