1807 2677
664 148 85 61 oo

853 150 678 82 AD I. PAVL. AD TIM.

655 206 1038 98 diationis & interceſsionis Chriſti pro nobis fun¬

652 273 1041 91 damẽtum explicat. Eſt autem ipſius ſacrificium

648 339 1042 84 pro nobis, quod hîc πεεεγρασν quadam deſcribi¬

651 394 1038 86 tur. Sunt enim res inter ſe connexæ, ſacrificium

651 452 1039 86 & interceſsio apud Deum: atque etiam ita inter

651 510 1041 89 ſe comparatæ, vt vna alterius cauſa ſit. Id quod

646 566 1043 92 his Epiſtolæ ad Hebræos locis confirmatur cap.

643 629 1047 87 4.verf.14. 5verſ.1. 7. verſ. 15. 8.verſ.3. 9. verſ.24. at¬

646 687 1043 81 que etiam hac ratione. Quòd cùm hic ſit inter¬

641 746 1047 85 ceſsionis finis, vt Deum nobis propitium & be¬

641 807 1044 82 neuolentem reddat, is demum apud Deum pro

636 861 1050 92 nobis intercedere poteſt, qui eum nobis placare

641 920 1042 91 poteſt. Placatur autem Deus, non alia ratione,

639 977 1043 92 quã plena pœnæ peccatis noſtris debitæ perſolu¬

636 1038 1044 86 tione. Id autem ſolũ Chriſti ſacrificium & mors

636 1094 1043 91 potuit. Ergo illa mors Chriſti interceſsionis pro

630 1154 1050 86 nobis eſt fulcimentum & fundamentum. Vnde

632 1212 1045 81 perperam Scholaſtici, qui ſalutis & interceſsio¬

630 1273 1050 89 nis mediat ores diuerſos faciunt. Quod eſſe non

630 1332 928 82 poſſe ſatis ex ſuperiore argumento apparet.

675 1389 1004 84 Definitur autem & ornatur hoc Chriſti ſacri¬

626 1447 1053 86 ficium magna laude & encomio, quod ductũ eſt

624 1505 1046 86 ab ipſius effecto. Id autem eſt Redemptio noſtra,

624 1564 1049 85 cuius illud ſacrificium fuit pretium integrum,

626 1624 1045 84 plena merces, & iuſta ſatisfactio ſiue perſolutio.

626 1680 1050 88 Dicitur autem Chriſtus non tantùm Seipſum de¬

623 1735 1045 91 diſſe: ſed etiam Ipſe ſe dediſſe. Nã neq; aliud pro

630 1801 1040 81 peccatis noitris, quàm ſeipſum dedit: neque cùm

623 1859 1047 86 dedit, inuitus aut ignorãs id fecit, ſed volens. In

623 1917 1044 86 quo ipſo com mẽdatur impenſe Chriſti erga nos

618 1975 1040 83 bencficium & charitas. Similis locus. Tit 2.V.14.

675 2031 990 88 Nec caret ἐμρέσι, quòd ſanguis Chriſti illo ſa¬

612 2091 1050 98 crificio effuſus appellatur ἀν τιλvreςν, quia ſanguis

1574 2165 90 101 ille
