1807 2677
638 162 69 81 46

810 150 698 76 AD I. PAVL. AD TIM.

635 212 1053 91 cis libris diſsimilem contineat cap.15v.39. Affe¬

632 285 1056 77 runtur igitur teſtimonia veterum, imprimis au¬

633 340 1053 79 tem Auguſtini lib. de Cura pro mortuis cap. 18.

635 400 1051 78 quod canonizatur (vt vocant) cano. Non æſtime¬

632 456 1054 80 mus 13 quęſt.2. item aliud eiuſdem Auguſtini di¬

632 519 1056 74 ctum cap. 11o. in Enchirid. Sed etiam Arnobius

636 575 1050 79 vetus ſcriptor Eccleſiaſticus idem confirmat lib.

633 636 1053 76 4. Aduerſ. gentes ſub finem libri nempe pro viuis

635 691 1053 77 & mortuis in Dei Eccleſia precatos eſſe Chri¬

630 754 1058 68 ſtianos. Reſp. Nullo verbi diuini fundamento

627 810 1061 79 niti Auguſt. vel Arnobium, ſed ſola quadam er¬

632 871 1057 73 ga mortuos beneuolentia & humanitate, ſoliſque

633 928 1055 72 cõiecturis. Id quod nec Auguſtinus ipſe diſsimu¬

629 986 1059 80 lat. Præterea poſſunt adduci alij eiuſdem Auguſt.

630 1045 1059 77 loci, ex quibus quàm varius in ea re fuerit intel¬

629 1103 1059 80 ligetur, quemadmodum in Enchir. pridem

627 1165 1059 75 annotauimus. Denique opponuntur Auguſtino

626 1225 1063 74 ſcriptores, patréſque Eccleſiaſtici, & ii quidem

630 1283 1056 73 pij, & Orthodoxi, quemadmodum Ambroſius in

627 1337 1061 78 lib. qui inſcribitur Abraham cap.9. vbi id tantùm

629 1397 1060 76 mortuis à viuis præſtandum docet, vt eos ſepe¬

630 1458 1056 75 liant: non vt pro iis orent, id quod etiam videtur

632 1515 1063 73 confirmari poſſe reſpõſo Chriſti quod eſt Matt.

632 1577 1054 70 8. verſ. 22. Obiicitur etiam Hieronymus, cuius

627 1632 1061 79 hæc eſt apertiſsima ſententia. In præſenti ſeculo

624 1693 1064 72 ſiue orationibus ſiue conſilijs inuicem poſſe nos

627 1751 1062 75 iuuari. Cùm autem ante tribunal Chriſti veneri¬

629 1811 1060 76 mus, nec Iob, nec Noe, nec Daniel, rogare poſſe

629 1870 1061 76 pro quoquam. Quam ſententiam Papiſtæ ipſi in

630 1933 1062 70 ſuos canones retulerũt cano. in præſenti 13 diſt.2.

682 1988 1010 74 Origo autem huius mali ex paruis initiis cepit.

627 2047 1065 76 Primùm ex eo quod cepit piorum, qui pro nomi¬

626 2104 1067 89 ne Chriſti paſsi erant, & mortui, in Eccleſia &

1467 2166 223 79 imprimis
