1807 2677
479 182 301 56 CAPVT I.

1106 147 91 107 71

138 239 1063 83 ſacra legitima & Deo grata oratio extra ea fieri

141 306 1045 70 poſſe ab hominibus etiam Chriſtianis cẽſeretur.

199 362 986 75 Nec illa ſuperſtitio deffendi poteſt exemplo

139 423 1043 72 eorum, qui in ſepulchrum Elizæi cadauer quod¬

139 481 1050 69 dam feſtinantes & coacti proiecerant. vt eſt 2.

138 536 1044 73 Reg.13.verſ.21. Nam illi cadauer Elizæi non co¬

139 602 1046 64 luerunt: deinde id coacti fecerunt. Demum nulla

138 651 1048 77 inde ſuperſtitio nata dicitur ad ſepulchrum Eli¬

141 712 1045 77 zæi: ſed tantùm proptere fuit doctrina Prophe¬

138 773 1051 73 tæ, quę in animis hominum adhuc recens inhære¬

139 828 1050 73 bat, confirmatior facta, & Deus ipſe maiori ho¬

139 889 835 71 nore ab illius ſeculi hominibus cultus.

209 942 977 81 Templa igitur in Eccleſijs Dei eſſe vtile qui¬

144 1003 1045 76 dem eſt: ſed tamen nec ſumptuoſa, nec ſuperſti¬

139 1063 1050 74 tioſa, ſed quæ ad capiendum populum ſint ſatis

139 1122 1053 73 commodè extructa, & quibus fanctitas nulla

139 1179 1052 74 religióque aſcribatur. Hoc enim eſt planè ſuper¬

138 1238 1051 73 ſtitioſum & Iudaicũ. Primùm enim ſine templis

144 1298 1045 74 proprijs fuit Eccleſia Chriſtiana tempore Apo¬

144 1363 1050 60 ſtolorum, & poſt eos etiam temporibus Iuſtini

141 1414 1050 73 Martyris: falſa ſant enim quæ in Higini & Sex¬

144 1472 1051 76 ti Roman. Epiſcoporum Epiſtolis de conſecra¬

141 1534 1047 70 tione templorum in decretis & alibi extant. Sub

145 1592 1043 64 Diocletiano primum apparet Chriſtianos ha¬

142 1652 1052 67 buiſſe oratoria quædam, & προς ευκτηρίους  ὄικους, vt

145 1707 1047 71 vocat Euſeb. lib.9. Hiſtor.cap.1o. & Ruffi in Hi¬

144 1766 1051 75 ſtor. Eccleſiaſt. Templa igitur Chriſtianorum

144 1829 1056 71 imperatorum ætate & imperio demum ædifica¬

142 1884 1059 77 ri ceperunt, & oratoria dicebantur, quæ ſi amplio¬

145 1945 1052 73 ra erant, Baſilicę: nondum autem ναοί aut ἱερα. Hæ

150 2001 1047 75 Baſilicæ etiam ſæpe à Cæſarum nominibus, à

154 2061 1044 68 quibus fuerant extructæ, vocabantur, & deno¬

157 2120 1043 84 minabantur, vti Baſuica Conſtantini Euag.lib.2.

881 2177 127 96 e. iiij.
