1807 2677
631 200 58 72 36

803 166 675 86 AD I. PAVL. AD TIM.

620 223 1060 108 ſed in eo debere Timotheum ſuſtentari bona ſpe

621 292 1055 91 quæ Dei promiſſionibus generalibus, & præce¬

623 356 1051 91 dẽtibus illis Prophetijs incumbat. Miniſterij ve¬

624 407 1053 92 rò Euangelici curſum cõparat militari certami¬

626 471 1053 91 ni, nec hîc modò, ſed in 2 Timoth. 2.verſ.3 4.v.

633 529 1040 92 7. vti & Deus ipſe ſe comparat duci. Exod.15.V.5.

627 584 1053 94 vt intelligatur qualis ſit Miniſtrorum conditio,

623 645 1056 92 nimirum dura & certaminum aduerſus hæreſes

627 703 1072 97 & vitia hominum plena. Neque verò hoc facit,

632 764 1051 95 vt Epiſcopi militaribus ſe negotijs immiſceant.

633 820 1055 93 Iure enim damnantur, qui arma tractant, Epiſco¬

633 880 1059 95 pi. Nam nemo militans Deo, ſe implicare debet

635 939 1051 94 illis negotijs 2 Timoth.2. verſ.4 Hoc enim genus

636 996 1050 94 militiæ eſt ſpirituale, non carnale, & arma Epi¬

636 1055 1043 99 ſcoporum ſunt ſpiritualia:nempe, preces, lachry¬

638 1113 1051 96 mæ, verbum Dei:non autem carnalia, qualis eſt

642 1185 543 85 gladius bombarda, &c.

661 1286 1031 106 19. Retinens fidem & bonam conſcien¬

641 1357 1054 116 tiam: qua repulſa, nonnulli fidei naufragium

646 1458 253 90 fecerunt.

706 1528 992 101 Continuatio eſt: ſi militudine enim docet quã¬

641 1600 1051 90 tum ſit erroris huius, qui in miniſterio Euangeli¬

642 1661 1057 83 co committitur, imprimis autẽ in bonæ conſcien¬

646 1716 1055 86 tiæ deſertione periculum. Eſt enim fidei naufra¬

648 1783 1057 87 gium. In quo& magnitudo periculi, quia fit iactu¬

648 1838 1059 86 ra fidei: & terror oſtenditur atque metus, quia

648 1894 1060 91 naufragium appellatur. Eſt igitur bona cõſcientia

649 1955 1058 85 velut arca fidei & ſanæ doctrinæ, ac intelligentiæ

649 2009 1061 95 theſaurus: tanquam illius cynoſura, à qua qui de¬

649 2071 1067 89 flectunt, ſe & nauem, id eſt, intelligentiam illam

648 2126 1069 121 ſanam perdũt, iuſto Dei iudicio in eos graſſante

1555 2189 162 89 perciti
