1807 2677
159.0 226.0 1035.0 102.0 ILLVSTRISSIMO ET PO¬

199.0 330.0 932.0 101.0 TENTISSIMO PRINCIPI

182.0 403.0 948.0 98.0 ac domino D. Gulielmo Principi

252.0 480.0 821.0 89.0 Auracio Comiti Naſſauao &c·

298.0 547.0 763.0 95.0 Chriſti gloriæ aſſertori in Hol¬

371.0 617.0 585.0 90.0 landia & Zelandia for¬

434.0 685.0 427.0 82.0 tiſsimo, Gratiam

475.0 754.0 372.0 84.0 & pacem à Do¬

588.0 820.0 163.0 92.0 mino.

446.0 974.0 745.0 89.0 Etus eſt illud, Princeps Illu¬

443.0 1042.0 748.0 86.0 ſtriſsime, etiam ab Ariſtotele

446.0 1112.0 746.0 89.0 vſurpatum, Nihil eſſe in ipſa

429.0 1185.0 751.0 82.0 rerum vniuerſitate pulchrius

141.0 1246.0 1048.0 91.0 ordine. Quid enim vel oculis iucũdũ, vel

139.0 1319.0 1043.0 87.0 menti etiam ipſi & animo hominis gra¬

138.0 1384.0 1041.0 89.0 tum obuerſari poteſt, quod ſit confuſum,

136.0 1450.0 1041.0 93.0 & nulla partium apta separatione diſtin¬

136.0 1519.0 1043.0 91.0 ctum? Certè quocunque nõ tantum ocu¬

133.0 1589.0 1040.0 85.0 los, ſed omnes animiſenſus cõuerterimus,

133.0 1659.0 1047.0 88.0 ſi quæ in eos incurrunt, neque ordine di¬

136.0 1728.0 1032.0 89.0 geſta, neque apto ſiru inter ſe cohęrẽtia,

132.0 1804.0 1044.0 69.0 neque conuenienti loco & modo collo¬

132.0 1866.0 1039.0 85.0 cata à nobis apparebũt: ea neque vtilita¬

132.0 1940.0 1042.0 79.0 tem, neque venuſtatem aliquam habere

130.0 2003.0 1043.0 85.0 ſtatim pronuntiabimus, tantûmque ab il¬

132.0 2073.0 1036.0 93.0 lis oculorum, animique intuitum auer¬

865.0 2213.0 128.0 3.0 ¶ ij.
