1807 2677
629 153 107 79 40

791 142 705 82 AD I. PAVL. AD TIM.

614 214 1056 84 Paſtor eſt velut communis totius cœtus pater,

609 273 1061 91 qui omnium curam gerit.2. Quia eſt publicũ to¬

609 333 1062 87 tius Eccleſię os, vt nos in doctrina, & iis quę huic

611 392 1060 86 connexa ſunt, erudiat, qualis eſt oratio. Ergo &

618 452 1055 84 precari debet, quia eo precãte tota Eccleſia orat.

621 513 1049 83 3 Hoc fuit officium olim ſacrificatoris, in quo

612 574 1059 72 nulla cæremonia continetur. Hebr. 9. verſ. 24.

611 630 1057 83 Numeror. 6.verſ. 23. 4 Denique mos veteris

611 687 1060 86 Eccleſiæ, quæ Dei ſpiritu regebatur, in qua pro

608 749 1060 80 toto cœtu, & ipſius nomine Paſtores fundebant

609 809 1059 77 preces Deo, & populo benedicebãt, vt ex variis

606 867 1065 81 hiſtoriis conſtat, & annotat Auguſtinus Epiſt.9o.

660 925 1004 81 Ergo cùm ſint hæc tria præcipua paſtoris mu¬

606 980 1064 83 nera & officia, Docere, Corripere, & Precari,

606 1038 1058 84 cõplexus eſt Paulus, Docendi verbo etiã corre¬

606 1100 1062 83 ptionem. Precationem autem hîc ſeorſim perſe¬

608 1160 1060 87 quitur, quia eſt miniſterii Euangelici pars præ¬

606 1225 442 70 cipua, vti diximus.

658 1274 1012 85 Magnam autem vim eſſe huius publicæ preca¬

602 1332 1065 86 tionis, & magnam illius habendam eſſe curam à

603 1393 1062 85 paſtore, docent hæc verba Pauli & commenda¬

599 1455 1065 78 tio, ante omnia πρῶτον πάντων. Eſt enim compa¬

602 1513 1074 81 ratio, & commendatio huius exercitij, tanquam

600 1569 1065 75 omnino neceſſarij in Eccleſia Chriſti, & vtiliſſi¬

600 1629 1062 84 mi, denique retinendi. Neque tamen hæc verba

596 1687 1065 84 confirmant, vel iuuant Audæorum ſiue Meſſala¬

597 1750 1067 79 niorum hæreticorum errorem, qui puppim &

605 1805 1057 82 proram ſalutis in precationibus, id eſt, certis

599 1866 1074 77 ſtatíſque horis factis orationibus & de murmu¬

602 1921 1062 83 rationibus (quod hodie faciunt Monachi Papi¬

599 1979 1063 83 ſtici) ponebant: ſed tantùm docet Paulus, quàm

597 2040 1064 79 debeamus ſedulò & diligenter precari Deum: &

593 2099 1065 100 quàm ſolicitum de eo debeat eſſe non modo pa¬

1493 2159 148 85 ſtoris,
