1807 2677
631 187 62 69 52

828 163 684 77 AD I. PAVL. AD TIM.

629 223 1051 87 diuellenda, ſed etiam authoritate Scripturę Act.

632 287 1050 93 11.verſ. 17. Non eſt noſtrum( inquit Petrus) Deũ

630 350 1050 84 prohibere, & iis gratiæ teſtimonia aut aditum

629 404 1048 91 denegare & præcludere, quibus eam Dominus i¬

635 465 1044 89 pſe largitur & concedit. Voto enim Dei ſubſer¬

635 536 321 73 uire debemus.

694 581 988 79 Aſſumptio verò confirmatur à Paulo, & hîc

635 639 1047 91 diſertiſſimè eſt expreſſa, adhibetúrque argumẽ¬

633 698 1047 90 tum à genere ad ſpeciẽ, ſic, vult Deus omnes ho¬

639 759 1043 87 mines ſaluos fieri, & ad fidẽ & Eccleſiam vocari,

641 826 477 79 Ergo & Magiſtratus.

697 877 986 85 Quæſitum verò eſt, quæ ſit huius tam genera¬

638 931 1048 86 lis Pauli ſententię ratio, vult Deus omnes homi¬

639 997 1046 75 nes, &c. Reſpon. Explicari hac ſententia anti¬

643 1057 1050 76 qua Prophetarum vaticinia, quæ de vocatione

642 1113 1047 82 Gentium loquũtur, in quibus, Dei gratia omn i¬

639 1173 1050 73 bus hominibus, ſublato nationis, ſexus, ætatis, &

638 1228 1050 85 ordinis diſcrimine, promiſcuè promittitur, in pri

639 1287 1050 82 miſq; illa differẽtia quæ olim inter Gentes & Iu¬

643 1342 1049 85 dæos cõſtituta erat, hodie cefſat. Quale vaticiniũ

642 1402 1047 80 eſt Pſ.2. Pete à me & dabo tibi Gentes in hæredi¬

641 1460 1054 77 tatẽ tuã Malac. 1.V.11. Nomen meũ à ſolis ortu ad

643 1519 1046 82 occaſum magnũ eſt etiã inter Gentes lſai.11.v.10.

643 1580 1050 79 Et illo tempore, erit, requirent Gentes radicem

645 1638 1045 82 Ieſai, &c. Imprimis autem de vocatione magi¬

646 1696 1044 75 ſtratuum ad fidem & Eccleſiam iidem Prophetæ

643 1753 1053 77 Dei concionati ſunt, veluti Iſai.32.V.1. &2. Ecce

645 1811 1048 86 in iuſtitia regnabit rex, & principes in iudicio

651 1872 1042 82 præerunt. Et erit ille vir velut latibulum à ven¬

648 1933 1041 73 to, receptus ab imbre, riui aquarum in terra ari¬

646 1989 1050 79 da: vmbra magnæ rupis in terra laborioſa. &c. i¬

646 2049 1049 73 tem cap. 6o. verſ.16. Et ſuges lac Gentium, ma¬

645 2102 1053 97 millã regũ ſuges. Quæ omnia Deiverba nõ dubi¬

1621 2171 78 64 tat
