1807 2677
489 172 306 70 CAPVT I

1139 187 38 60 19

147 230 1051 89 Iudæos. Illi enim de lege gloriabãtur quam acce¬

150 301 1053 76 perant, & qua etiam abutentes circa huiuſmodi

154 361 1044 79 quęſtiones langueſcebant. Gentes verò ad fidem

150 422 1047 73 conuerſæ, vix, ac ne vix quidem iſtas de Genea¬

150 478 1053 78 logiis quęſtiones attingebant: vel Legis à Moſe

150 539 1050 73 datæ meminerant, de qua ante Euangelium non

147 596 1051 74 audiuerant: neque in ea, vti Iudæi, innurriti fue¬

147 652 1053 78 rant. Præclara eſt hæc confeſsio Pauli Apoſtoli

147 712 1060 76 de vſu legis & veteris Teſtamenti in Eccleſia

145 767 1058 80 Chriſtiana & ſub Euangelio valde notanda con¬

147 829 1054 78 tra Marcionitas, & Manichęos. Obſeruandum

148 889 1056 73 tamen eſt hîc Paulum non in vniuerſum de toto

150 953 1053 71 vſu Legis agere, ſed de eo tantùm vſu, qui erat

148 1015 1052 64 maximè ad præſentem quæſtionem accommo¬

148 1070 1053 67 datus, & vt vanam illam Iudaizantium doctorũ

148 1124 1047 71 ambitionem & iactantiam contunderet: qui quũ

144 1180 1053 76 nihil, niſi garrulitatem & vaniloquentiam, mon¬

147 1240 1050 73 ſtrarent, præ ſe tamen ferebant magnam Legis

148 1296 1067 76 obſeruationem, prædicationem, ac reuerentiam.

147 1360 1050 76 Ergo docet quis ſit verus Legis, quam prędicant,

147 1418 1053 66 vſus, per quem Lex ipſa nobis ſalutaris & vtilis

148 1479 1046 75 eſſe poſſit. Eſt autem, ſi ex ea cor purum & ſanã

144 1537 1051 84 conſcientiam habere didicerimus per fidem, quæ

142 1591 327 71 eſt in Chriſto.

202 1643 1001 86 Lex bona eſt, ſi quis lagitimè ea vtatur) Legiti¬

144 1710 1057 77 mus Legis vſus eſt, quum ad eum finem ea vti¬

144 1769 1051 78 mur, ad quem nobis à Deo data eſt & promulga¬

144 1827 1056 79 ta. Eſt enim is demum rectus illius vſus, qui quis

144 1887 1059 76 ſit ſupra docuit verſ. 5. & 9. Paulus alludit etiam

147 1948 1051 76 aptè paronomaſia quadam ad vocem νόμου in

150 2004 1066 72 verbis vόμος & νομίμως. Nec enim Lex eſt doctri¬

147 2065 1068 73 na vtilis nõ vtenti illa legitimè, & vt oportet. Sed

145 2126 1065 94 obiicitur, etſi quis non vtatur rectè Lege, tamen

910 2190 96 95 b.ij.
