1807 2677
416.0 197.0 358.0 64.0 EPISTOLA.

86.0 249.0 1050.0 97.0 dicebatur) non ſolo conſenſu populi, aut

89.0 316.0 1048.0 95.0 ſolo vocis ſuffragio, ſanè iſta omnia ſunt

87.0 383.0 1046.0 100.0 accidentaria, non eſſentialia in electio¬

89.0 450.0 1053.0 103.0 ne. Sic igitur ſtatuimus, quæ verbo Dei

90.0 519.0 1052.0 105.0 fieri & obſeruari ad regendam Eccleſiam

92.0 588.0 1047.0 100.0 iubentur, ſiue illa de perſonis eligendis,

93.0 657.0 1047.0 99.0 ſiue de iam electarum munere, ſiue de re¬

95.0 727.0 1050.0 102.0 Iiquis diſciplinæ Eccleſiaſticæ capitibus

98.0 795.0 1050.0 107.0 agant, illa, inquam, eſſe οὐσιώδη. Quæ au¬

99.0 864.0 1052.0 99.0 tem in quaque vel prouincia, vel Eccleſia

101.0 929.0 1050.0 107.0 ad hæc ipſa præſtanda, & ad praxin dedu¬

101.0 1002.0 1048.0 98.0 cenda commodiora iudicantur, & conſti¬

102.0 1064.0 1044.0 100.0 tuuntur, ea eſſe συμβεβηκότα quædã, velu¬

104.0 1142.0 1047.0 95.0 ti vt hoc potius quàm illo tẽpore fiat ver

104.0 1204.0 1047.0 103.0 bi Dei concio: hoc potius quàm illo preſ¬

105.0 1279.0 1047.0 96.0 byterorum vel diaconorum numero con¬

108.0 1341.0 1044.0 100.0 tenta ſit hæc Eccleſia, hoc eſt συμβεβηκòς

108.0 1412.0 1046.0 99.0 miniméque οὐσιῶδες. Iam igitur ad quæ¬

107.0 1481.0 1051.0 99.0 ſtionem propoſitam ex hac diſtinctione

110.0 1551.0 1045.0 93.0 ſic reſpondemus, vt quæ ſunt diſciplinæ

110.0 1616.0 1047.0 103.0 Eccleſiaſticæ οὐσιώδη augeri minuíue no¬

111.0 1686.0 1046.0 100.0 uis præceptionibus, vel conſtitutionibus

116.0 1753.0 1048.0 98.0 hominum poſſe negemus: quæ ſunt autẽ

117.0 1823.0 1041.0 99.0 σομβεβηκότα, & augeri & minui & tempe¬

117.0 1888.0 1050.0 103.0 rari à quaque non tantùm prouincia, ſed

120.0 1961.0 1044.0 98.0 etiam cœtu & Eccleſia pro ſua vel com¬

118.0 2031.0 1047.0 92.0 moditate vel incommoditate poſſe: pro

124.0 2098.0 1039.0 107.0 varia denique locorum, rerum, temporũ,
