1807 2677
444 172 342 70 CAPVT II.

1107 181 53 80 47

114 232 1053 92 imprimis in Synaxi, publica mentio publicè fieri.

126 300 1039 82 Vnde Martyrologia nata ſunt, qui ſunt libri in

120 361 1047 79 quibus nomina Martyrum deſcripta erant, quæ

117 420 1050 72 ex ſcripto in communicatione Cœnæ recitaban¬

114 477 1053 74 tur. Inde ad eorum ſepulchra ceperunt homines

117 536 1053 81 precari, & vigilias agere, & liba offerre, vt docet

114 593 1047 80 Auguſtinus in lib. de Moribus Eccleſiaſt. cap.14.

116 652 1044 84 & Epiſt.119. quem tamen morem idem Epiſt.64

116 716 704 73 ſublatum & abolitum eſſe cupit.

176 770 985 82 Addunt Papiſtæ quaſdam exceptiones alias,

117 832 1051 73 quæ ſunt nullius momenti. Ac primum interdi¬

114 892 1056 76 cũt ne omnino pro ijs oretur, qui ſibi manus vio¬

113 948 1055 67 lentas attulerunt: qui ſi mortui ſunt, vera eſt eo¬

108 1008 1059 64 rum ſententia, ſin minus, falſa. Poſſunt enim reſi¬

113 1064 1051 76 piſcere. Eſt tamen hoc Papiſtarum dictũ in cano.

113 1124 1052 77 Placuit vt hi 23. quæſt.5. & eſt ex concil. Bracca¬

114 1189 318 67 renſ. Act. 34.

171 1235 992 78 Deinde iubent, ne precemur pro clericis qui

111 1299 1050 76 in bello pro Gentilibus occubuerunt, dum eorũ

111 1359 1050 77 partes & caſtra ſequuntur. Eſt ex Tiburienſi cõ¬

107 1417 1056 79 cilio in cano. Quicunque clericus 23. quæſt.8. Sed

105 1478 1055 79 hæc exceptio vana eſt, quia non eſt pro mor¬

114 1530 327 76 tuis orandum.

159 1591 995 80 Excipiuntur igitur ab hoc Pauli dicto ij ſoli,

104 1653 1056 79 qui in Spiritum ſanctum peccant, pro quibus mi¬

101 1713 1054 76 nimè eſt precandum, quemadmodũ docet loan.

102 1768 1050 83 1. Epiſt5.verſ.16. & exemplo Saulis confirmatur

102 1827 443 76 1. Samuel 16. verſ. 1.

168 1952 989 103 2 Pro regibus & quibuſuis in eminentia

99 2037 1055 86 conſtitutis: vt tranquillam ac quietam vitam

95 2104 968 103 degamus cum omni pietate & honeſtate.
