<?xml version="1.0" encoding="UTF-8"?>
<alto xmlns:xsi="http://www.w3.org/2001/XMLSchema-instance"
      xmlns="http://www.loc.gov/standards/alto/ns-v4#"
      xsi:schemaLocation="http://www.loc.gov/standards/alto/ns-v4# http://www.loc.gov/standards/alto/v4/alto-4-2.xsd">
  <Description>
    <MeasurementUnit>pixel</MeasurementUnit>
    <sourceImageInformation>
      <fileName>2012891.png</fileName>
    </sourceImageInformation>
  </Description>
  <Tags>
    <OtherTag ID="BT10" LABEL="DropCapitalZone" DESCRIPTION="block type DropCapitalZone"/><OtherTag ID="BT11" LABEL="GraphicZone" DESCRIPTION="block type GraphicZone"/><OtherTag ID="BT12" LABEL="MainZone" DESCRIPTION="block type MainZone"/><OtherTag ID="BT13" LABEL="MarginTextZone" DESCRIPTION="block type MarginTextZone"/><OtherTag ID="BT15" LABEL="NumberingZone" DESCRIPTION="block type NumberingZone"/><OtherTag ID="BT17" LABEL="QuireMarksZone" DESCRIPTION="block type QuireMarksZone"/><OtherTag ID="BT18" LABEL="RunningTitleZone" DESCRIPTION="block type RunningTitleZone"/><OtherTag ID="BT22" LABEL="TitlePageZone" DESCRIPTION="block type TitlePageZone"/>
    <OtherTag ID="LT7" LABEL="CustomLine" DESCRIPTION="line type CustomLine"/><OtherTag ID="LT8" LABEL="DefaultLine" DESCRIPTION="line type DefaultLine"/><OtherTag ID="LT9" LABEL="DropCapitalLine" DESCRIPTION="line type DropCapitalLine"/><OtherTag ID="LT10" LABEL="HeadingLine" DESCRIPTION="line type HeadingLine"/><OtherTag ID="LT62" LABEL="CustomLine : BiblicalText" DESCRIPTION="line type CustomLine : BiblicalText"/>
  </Tags>
  <Layout>
    <Page WIDTH="1807"
          HEIGHT="2677"
          PHYSICAL_IMG_NR="7"
          ID="eSc_dummypage_">
      <PrintSpace HPOS="0"
                  VPOS="0"
                  WIDTH="1807"
                  HEIGHT="2677">
        <TextBlock HPOS="464.439"
                   VPOS="185.28"
                   WIDTH="431.87399999999997"
                   HEIGHT="59.32400000000001"
                   ID="block_0"
                   TAGREFS="BT18">
          <Shape><Polygon POINTS="464.439 185.28 896.313 185.28 896.313 244.604 464.439 244.604 464.439 185.28"/></Shape>
          <TextLine ID="eSc_line_75cf695e"
                    TAGREFS="LT10"
                    BASELINE="472 230 889 223" 
                    HPOS="471.0"
                    VPOS="184.0"
                    WIDTH="418.0"
                    HEIGHT="62.0">
            <Shape><Polygon POINTS="858 184 843 184 828 184 813 184 800 184 789 187 779 184 768 184 754 184 740 184 737 185 734 184 724 184 709 184 704 184 696 188 685 184 679 184 669 184 663 188 661 188 581 184 575 184 560 184 548 184 535 190 532 191 526 190 496 184 486 184 471 200 472 230 472 246 889 239 889 223 886 191 873 187"/></Shape>
	    <String CONTENT="EPISTOLA"
                    HPOS="471.0"
                    VPOS="184.0"
                    WIDTH="418.0"
                    HEIGHT="62.0"
                    WC="0.999883972108364"></String>
          </TextLine>
        </TextBlock>
        <TextBlock HPOS="135.685"
                   VPOS="256.772"
                   WIDTH="1067.075"
                   HEIGHT="1913.848"
                   ID="block_1"
                   TAGREFS="BT12">
          <Shape><Polygon POINTS="135.685 256.772 1202.76 256.772 1202.76 2170.62 135.685 2170.62 135.685 256.772"/></Shape>
          <TextLine ID="eSc_line_effbde8f"
                    TAGREFS="LT8"
                    BASELINE="144 313 846 304 1183 309" 
                    HPOS="142.0"
                    VPOS="248.0"
                    WIDTH="1041.0"
                    HEIGHT="89.0">
            <Shape><Polygon POINTS="1154 258 1139 254 1124 249 1118 248 1088 258 1087 258 1079 258 905 249 904 249 902 249 878 260 877 260 740 251 739 251 737 251 701 261 627 252 626 252 624 252 623 252 612 261 535 255 533 255 468 263 453 254 452 254 450 254 449 254 447 254 446 254 432 263 260 255 258 255 191 264 179 258 172 260 157 260 156 260 142 270 144 313 144 337 209 325 233 334 234 334 236 334 237 334 261 325 281 333 282 333 284 333 364 325 403 334 404 334 406 334 407 334 437 324 493 334 495 334 496 334 577 325 608 331 609 331 611 331 612 331 621 324 663 333 664 333 742 321 901 330 902 330 904 330 941 319 1029 328 1030 328 1032 328 1033 328 1041 322 1049 330 1051 330 1052 330 1054 330 1055 330 1057 330 1072 321 1109 327 1110 327 1112 327 1128 319 1180 328 1183 309 1182 266 1168 261"/></Shape>
	    <String CONTENT="pars &amp; regula, per quam externus ordo,"
                    HPOS="142.0"
                    VPOS="248.0"
                    WIDTH="1041.0"
                    HEIGHT="89.0"
                    WC="0.994378409887615"></String>
          </TextLine>
          <TextLine ID="eSc_line_a7b91944"
                    TAGREFS="LT8"
                    BASELINE="141 379 1183 371" 
                    HPOS="139.0"
                    VPOS="316.0"
                    WIDTH="1044.0"
                    HEIGHT="84.0">
            <Shape><Polygon POINTS="141 379 141 400 1183 388 1183 371 1180 330 1063 330 1045 316 1044 316 1042 316 994 316 993 316 991 316 960 330 840 318 838 318 788 330 768 318 767 318 765 318 764 318 712 325 670 319 669 319 667 319 639 330 612 319 611 319 609 319 608 319 554 334 502 334 465 321 464 321 462 321 461 321 459 321 450 328 373 322 371 322 370 322 368 322 368 324 356 334 310 334 294 322 292 322 291 322 290 322 288 322 287 322 287 324 273 336 139 336 141 379"/></Shape>
	    <String CONTENT="&amp; totius Eccleſiæ legitima adminiſtratio"
                    HPOS="139.0"
                    VPOS="316.0"
                    WIDTH="1044.0"
                    HEIGHT="84.0"
                    WC="0.984194101393223"></String>
          </TextLine>
          <TextLine ID="eSc_line_4767d56e"
                    TAGREFS="LT8"
                    BASELINE="144 450 1179 440" 
                    HPOS="142.0"
                    VPOS="386.0"
                    WIDTH="1037.0"
                    HEIGHT="88.0">
            <Shape><Polygon POINTS="144 450 144 474 303 462 331 471 333 471 334 472 423 472 423 471 425 471 428 469 444 462 459 469 461 469 462 469 464 471 585 471 585 469 587 469 594 466 618 459 675 465 700 468 701 468 722 465 762 458 776 464 782 466 783 466 785 466 820 464 883 456 954 461 1024 465 1026 465 1027 465 1029 465 1036 459 1044 455 1079 459 1127 464 1128 464 1177 456 1179 440 1176 398 1058 398 1032 386 1030 386 1029 386 1027 386 1026 386 1009 397 986 386 984 386 983 386 981 386 980 386 968 397 942 389 941 389 939 389 838 400 819 388 817 388 816 388 771 388 770 388 768 388 727 401 681 394 679 394 633 401 603 389 602 389 600 389 599 389 597 389 580 403 578 403 447 391 446 391 444 391 443 391 428 404 403 392 401 392 400 392 355 403 316 392 315 392 313 392 312 392 310 392 310 394 298 404 284 394 282 394 281 394 279 394 209 406 166 394 165 394 163 394 162 394 160 394 142 403 144 450"/></Shape>
	    <String CONTENT="præſcripta eſt, quis eam ſpernendam ne¬"
                    HPOS="142.0"
                    VPOS="386.0"
                    WIDTH="1037.0"
                    HEIGHT="88.0"
                    WC="0.9908439379472"></String>
          </TextLine>
          <TextLine ID="eSc_line_0b1f7661"
                    TAGREFS="LT8"
                    BASELINE="145 517 1186 508" 
                    HPOS="144.0"
                    VPOS="453.0"
                    WIDTH="1042.0"
                    HEIGHT="86.0">
            <Shape><Polygon POINTS="145 517 145 539 190 538 191 538 193 538 203 530 212 538 214 538 215 538 217 538 349 527 477 535 478 535 480 535 481 535 493 526 538 535 539 535 639 526 1183 527 1186 508 1183 465 1021 453 1020 453 1018 453 996 465 902 455 901 455 834 466 709 456 707 456 706 456 663 468 633 458 632 458 630 458 629 458 599 468 523 461 522 461 520 461 489 471 408 471 397 462 395 462 394 462 392 462 391 462 376 469 368 462 367 462 365 462 364 462 362 462 348 469 319 459 318 459 316 459 252 469 240 461 239 461 237 461 236 461 193 462 144 472 145 517"/></Shape>
	    <String CONTENT="gligẽdámue vnquã exiſtimauerit? Cuius"
                    HPOS="144.0"
                    VPOS="453.0"
                    WIDTH="1042.0"
                    HEIGHT="86.0"></String>
          </TextLine>
          <TextLine ID="eSc_line_e03e33ce"
                    TAGREFS="LT8"
                    BASELINE="142 585 1188 575" 
                    HPOS="141.0"
                    VPOS="520.0"
                    WIDTH="1047.0"
                    HEIGHT="86.0">
            <Shape><Polygon POINTS="142 585 147 606 151 600 236 605 267 606 269 606 279 605 304 599 466 602 587 603 588 603 1186 590 1188 575 1186 527 1174 520 1173 520 1171 520 1170 520 1168 520 1139 530 1131 533 1069 533 1064 530 1038 520 1036 520 1035 520 1033 520 1032 520 1014 532 1008 535 923 535 911 532 843 523 841 523 840 523 838 523 838 524 828 533 825 536 788 536 785 533 771 523 770 523 768 523 740 523 739 523 706 524 704 524 703 524 691 535 688 536 676 535 615 529 614 529 612 529 590 536 584 539 489 539 487 538 461 527 459 527 458 527 456 527 429 538 403 527 401 527 400 527 398 527 367 536 356 527 355 527 353 527 315 527 313 527 312 527 270 539 257 529 255 529 254 529 252 529 251 529 249 529 236 538 187 529 185 529 184 529 141 541 142 585"/></Shape>
	    <String CONTENT="inſtitutio non tantum ſub nouo teſtamẽ¬"
                    HPOS="141.0"
                    VPOS="520.0"
                    WIDTH="1047.0"
                    HEIGHT="86.0"
                    WC="0.958463963866234"></String>
          </TextLine>
          <TextLine ID="eSc_line_d6ad5d4a"
                    TAGREFS="LT8"
                    BASELINE="144 652 1188 646" 
                    HPOS="142.0"
                    VPOS="591.0"
                    WIDTH="1046.0"
                    HEIGHT="76.0">
            <Shape><Polygon POINTS="144 652 144 667 1186 664 1188 646 1183 593 1044 603 1032 594 1029 591 1027 591 1026 591 984 591 983 591 981 591 972 596 959 603 941 596 928 591 926 591 925 591 898 597 864 605 771 599 666 593 664 593 599 594 597 594 581 602 575 605 568 603 539 594 538 594 536 594 535 594 533 594 522 603 517 606 478 605 386 599 385 599 383 599 367 606 362 609 282 609 281 608 263 596 261 596 260 596 220 596 218 596 142 609 144 652"/></Shape>
	    <String CONTENT="to fieri cœpta eſt: ſed et iam in lege veteri"
                    HPOS="142.0"
                    VPOS="591.0"
                    WIDTH="1046.0"
                    HEIGHT="76.0"
                    WC="0.982654227150811"></String>
          </TextLine>
          <TextLine ID="eSc_line_a31658b9"
                    TAGREFS="LT8"
                    BASELINE="145 722 1189 712" 
                    HPOS="144.0"
                    VPOS="657.0"
                    WIDTH="1045.0"
                    HEIGHT="83.0">
            <Shape><Polygon POINTS="145 722 145 737 261 740 263 740 282 737 312 731 319 737 322 740 324 740 325 740 327 740 349 737 373 733 383 737 392 740 394 740 395 740 416 736 450 730 492 736 513 739 514 739 516 739 522 736 533 730 670 734 739 737 740 737 742 737 748 734 761 728 789 734 800 736 801 736 815 734 859 727 873 734 874 734 875 734 877 734 878 734 880 734 892 727 954 733 969 734 971 734 972 734 974 734 974 733 983 725 1002 733 1003 733 1005 733 1188 731 1189 712 1186 670 1091 660 1090 660 977 670 966 670 963 670 931 657 929 657 889 657 887 657 886 657 849 670 846 670 843 670 785 658 783 658 782 658 780 658 764 670 761 673 716 673 690 670 611 660 609 660 608 660 581 670 569 676 474 676 464 670 450 664 449 664 447 664 446 664 428 670 417 675 411 670 400 663 398 663 397 663 339 663 337 663 336 663 334 663 322 670 312 678 269 678 248 670 230 664 229 664 227 664 144 670 145 722"/></Shape>
	    <String CONTENT="à Deo ipſo iam olim tradita fuit, vt in li¬"
                    HPOS="144.0"
                    VPOS="657.0"
                    WIDTH="1045.0"
                    HEIGHT="83.0"
                    WC="0.990102698857134"></String>
          </TextLine>
          <TextLine ID="eSc_line_ce605ebb"
                    TAGREFS="LT8"
                    BASELINE="144 789 1191 782" 
                    HPOS="142.0"
                    VPOS="724.0"
                    WIDTH="1049.0"
                    HEIGHT="79.0">
            <Shape><Polygon POINTS="144 789 144 803 1191 797 1191 782 1189 734 1171 724 1170 724 1168 724 1167 724 1165 724 1143 736 1091 736 1060 724 1058 724 1057 724 1021 731 996 724 994 724 993 724 991 724 990 724 990 725 978 736 975 736 944 725 942 725 941 725 890 733 880 725 878 725 877 725 771 725 770 725 768 725 746 734 737 737 706 734 639 727 638 727 636 727 635 727 626 734 621 737 602 734 587 731 585 731 584 731 574 734 553 739 532 733 513 728 511 728 510 728 472 733 450 736 425 733 383 728 382 728 380 728 368 733 349 740 142 733 144 789"/></Shape>
	    <String CONTENT="bello de Politia Iudaica doctiſſimè iã pri¬"
                    HPOS="142.0"
                    VPOS="724.0"
                    WIDTH="1049.0"
                    HEIGHT="79.0"
                    WC="0.971632578637865"></String>
          </TextLine>
          <TextLine ID="eSc_line_f4df9d47"
                    TAGREFS="LT8"
                    BASELINE="144 858 1180 847" 
                    HPOS="142.0"
                    VPOS="791.0"
                    WIDTH="1038.0"
                    HEIGHT="89.0">
            <Shape><Polygon POINTS="144 858 144 878 239 872 263 877 278 880 279 880 301 877 336 871 419 871 428 874 435 878 437 878 438 878 474 874 507 870 517 872 526 877 527 877 529 877 551 872 569 870 596 872 633 875 635 875 693 871 740 867 777 870 843 874 844 874 846 874 847 874 853 868 856 867 867 868 907 872 908 872 910 872 925 867 929 865 974 867 1146 871 1148 871 1149 871 1180 862 1180 847 1179 804 1137 791 1136 791 1134 791 1133 791 1131 791 1131 792 1118 803 1030 791 1029 791 966 803 957 806 853 807 794 807 788 803 776 794 774 794 773 794 771 794 770 794 768 794 757 803 752 806 725 803 672 795 670 795 669 795 667 795 660 803 652 807 621 803 587 797 585 797 584 797 566 801 541 810 481 810 468 801 461 797 459 797 458 797 456 797 455 797 437 801 404 810 380 801 371 798 370 798 368 798 367 798 365 798 362 801 349 810 142 801 144 858"/></Shape>
	    <String CONTENT="dẽ docuit Cornelius Bertramus Hebrai¬"
                    HPOS="142.0"
                    VPOS="791.0"
                    WIDTH="1038.0"
                    HEIGHT="89.0"
                    WC="0.996172288530751"></String>
          </TextLine>
          <TextLine ID="eSc_line_0dacde16"
                    TAGREFS="LT8"
                    BASELINE="144 926 1188 916" 
                    HPOS="142.0"
                    VPOS="864.0"
                    WIDTH="1046.0"
                    HEIGHT="86.0">
            <Shape><Polygon POINTS="144 926 145 948 172 939 254 947 291 950 292 950 364 948 365 948 367 948 371 945 383 938 413 944 435 948 437 948 438 948 452 944 472 936 501 942 520 947 522 947 545 942 569 936 581 941 591 945 593 945 594 947 691 947 691 945 737 944 739 944 740 944 748 938 757 933 789 938 835 944 837 944 838 944 840 944 847 936 850 933 895 932 951 932 957 935 968 942 969 942 971 942 972 942 1042 933 1070 931 1094 932 1142 938 1143 938 1186 931 1188 916 1186 875 1151 864 1149 864 1148 864 1146 864 1103 874 1005 868 1003 868 1002 868 1000 868 989 875 917 865 916 865 914 865 878 874 864 867 862 867 740 867 739 867 737 867 697 878 590 868 588 868 472 870 471 870 437 881 237 872 236 872 234 872 233 872 223 881 217 875 215 875 214 875 212 875 142 884 144 926"/></Shape>
	    <String CONTENT="cæ linguæ profeſſor eruditiſſimus, &amp; col¬"
                    HPOS="142.0"
                    VPOS="864.0"
                    WIDTH="1046.0"
                    HEIGHT="86.0"
                    WC="0.978411830053097"></String>
          </TextLine>
          <TextLine ID="eSc_line_8c941a04"
                    TAGREFS="LT8"
                    BASELINE="145 994 1191 987" 
                    HPOS="144.0"
                    VPOS="932.0"
                    WIDTH="1047.0"
                    HEIGHT="83.0">
            <Shape><Polygon POINTS="145 994 145 1006 188 1015 190 1015 282 1008 327 1015 328 1015 330 1015 352 1005 355 1005 359 1005 406 1014 407 1014 453 1006 545 1014 547 1014 548 1014 566 1003 568 1003 571 1003 608 1012 609 1012 611 1012 612 1012 627 1003 629 1002 847 1002 850 1002 899 1011 901 1011 974 1000 983 1000 1000 1000 1157 1009 1158 1009 1160 1009 1191 999 1191 987 1188 939 837 932 835 932 834 932 819 938 809 942 794 938 773 932 771 932 770 932 768 932 757 938 745 944 700 938 675 935 673 935 657 938 629 944 602 938 582 933 581 933 580 933 571 938 560 942 544 938 533 935 532 935 530 935 529 935 527 935 524 938 514 945 472 938 462 936 461 936 459 936 456 938 435 947 291 947 276 938 275 938 273 938 272 938 270 938 246 948 184 948 172 938 172 936 171 936 169 936 168 936 144 936 145 994"/></Shape>
	    <String CONTENT="lega meus. Quid enim aliud ſibi volunt"
                    HPOS="144.0"
                    VPOS="932.0"
                    WIDTH="1047.0"
                    HEIGHT="83.0"
                    WC="0.990052715728157"></String>
          </TextLine>
          <TextLine ID="eSc_line_b3a8890b"
                    TAGREFS="LT8"
                    BASELINE="145 1061 1191 1052" 
                    HPOS="144.0"
                    VPOS="999.0"
                    WIDTH="1047.0"
                    HEIGHT="85.0">
            <Shape><Polygon POINTS="145 1061 145 1079 533 1082 535 1082 536 1082 548 1079 566 1075 574 1079 577 1082 578 1082 580 1082 581 1084 651 1084 651 1082 652 1082 660 1079 676 1073 761 1073 819 1079 840 1081 841 1081 852 1079 887 1072 1188 1078 1191 1052 1188 1012 1094 1012 1048 999 1047 999 1045 999 1044 999 1042 999 1032 1009 944 1012 852 1000 850 1000 849 1000 819 1014 706 1002 704 1002 703 1002 675 1014 646 1008 645 1008 643 1008 627 1015 578 1005 577 1005 575 1005 541 1017 450 1017 333 1006 331 1006 330 1006 328 1006 328 1008 316 1018 294 1006 292 1006 291 1006 232 1018 169 1006 168 1006 166 1006 165 1006 144 1018 145 1061"/></Shape>
	    <String CONTENT="illa Dei præcepta, quæ Leuiticam tribum"
                    HPOS="144.0"
                    VPOS="999.0"
                    WIDTH="1047.0"
                    HEIGHT="85.0"
                    WC="0.975548369762225"></String>
          </TextLine>
          <TextLine ID="eSc_line_5859f06d"
                    TAGREFS="LT8"
                    BASELINE="145 1131 1192 1122" 
                    HPOS="144.0"
                    VPOS="1070.0"
                    WIDTH="1048.0"
                    HEIGHT="84.0">
            <Shape><Polygon POINTS="145 1145 316 1154 318 1154 379 1145 417 1152 419 1152 420 1152 422 1152 435 1143 437 1143 475 1151 477 1151 478 1151 480 1151 493 1142 495 1142 501 1142 542 1151 544 1151 639 1142 641 1142 660 1151 661 1151 663 1151 664 1151 703 1140 706 1140 710 1140 737 1148 739 1148 740 1148 742 1148 762 1140 764 1139 880 1139 881 1139 899 1146 901 1146 902 1146 981 1139 983 1139 997 1148 999 1148 1000 1148 1002 1148 1003 1148 1021 1137 1023 1137 1030 1137 1090 1146 1091 1146 1191 1136 1192 1122 1189 1082 1097 1072 1096 1072 1021 1081 1006 1082 1003 1081 991 1070 990 1070 989 1070 928 1070 926 1070 925 1070 901 1081 895 1082 870 1081 813 1075 812 1075 788 1079 768 1085 551 1085 542 1079 542 1078 541 1078 539 1078 538 1078 536 1078 533 1079 522 1085 507 1079 495 1073 493 1073 492 1073 428 1078 309 1088 290 1078 287 1076 285 1076 284 1076 272 1078 211 1087 188 1078 185 1076 184 1076 182 1076 144 1076 145 1131"/></Shape>
	    <String CONTENT="à reliquis diſtinguuntvt ex ea ſola mini¬"
                    HPOS="144.0"
                    VPOS="1070.0"
                    WIDTH="1048.0"
                    HEIGHT="84.0"
                    WC="0.990497972284045"></String>
          </TextLine>
          <TextLine ID="eSc_line_c9429cf6"
                    TAGREFS="LT8"
                    BASELINE="148 1198 1182 1189" 
                    HPOS="147.0"
                    VPOS="1137.0"
                    WIDTH="1035.0"
                    HEIGHT="86.0">
            <Shape><Polygon POINTS="148 1198 148 1212 165 1219 166 1219 168 1219 243 1212 245 1212 260 1222 261 1222 263 1222 264 1223 319 1223 319 1222 321 1222 322 1222 334 1215 472 1221 474 1221 475 1221 519 1209 522 1209 526 1209 599 1219 600 1219 602 1219 621 1209 661 1219 663 1219 664 1219 666 1219 667 1219 684 1207 764 1207 798 1207 834 1218 835 1218 837 1218 893 1206 898 1204 1039 1204 1041 1204 1057 1213 1058 1213 1060 1213 1180 1203 1182 1189 1179 1145 1026 1137 1024 1137 960 1145 928 1148 905 1145 871 1139 870 1139 868 1139 867 1139 858 1145 852 1148 835 1145 813 1140 812 1140 810 1140 809 1140 803 1145 795 1149 780 1145 771 1142 770 1142 768 1142 678 1145 478 1152 425 1145 407 1143 406 1143 404 1143 398 1145 379 1152 348 1145 336 1143 334 1143 333 1143 331 1143 330 1145 316 1154 294 1145 292 1145 291 1145 290 1145 288 1145 287 1145 267 1154 147 1146 148 1198"/></Shape>
	    <String CONTENT="ſtri tẽpli eligantur: quæ in ipſa tribu Leui¬"
                    HPOS="147.0"
                    VPOS="1137.0"
                    WIDTH="1035.0"
                    HEIGHT="86.0"
                    WC="0.983025231626299"></String>
          </TextLine>
          <TextLine ID="eSc_line_469c42ae"
                    TAGREFS="LT8"
                    BASELINE="148 1265 1188 1261" 
                    HPOS="147.0"
                    VPOS="1206.0"
                    WIDTH="1041.0"
                    HEIGHT="77.0">
            <Shape><Polygon POINTS="148 1265 148 1283 908 1276 1185 1281 1188 1261 1185 1212 1122 1206 1121 1206 1119 1206 1118 1206 1118 1207 1112 1212 1106 1218 1036 1218 1027 1213 1012 1206 1011 1206 948 1206 947 1206 945 1206 944 1206 933 1213 931 1216 868 1216 864 1215 856 1209 855 1209 853 1209 852 1209 850 1209 832 1215 822 1218 813 1215 792 1207 791 1207 789 1207 742 1216 727 1218 721 1216 700 1207 699 1207 697 1207 657 1216 649 1218 643 1216 614 1207 612 1207 611 1207 609 1207 582 1218 580 1218 575 1218 529 1207 527 1207 526 1207 495 1218 490 1219 477 1218 385 1209 383 1209 382 1209 380 1209 368 1219 367 1221 313 1221 292 1221 187 1210 185 1210 184 1210 147 1221 148 1265"/></Shape>
	    <String CONTENT="tica iura Sacerdotũ &amp; Leuitarũ diſcernũt,"
                    HPOS="147.0"
                    VPOS="1206.0"
                    WIDTH="1041.0"
                    HEIGHT="77.0"
                    WC="0.98995519768108"></String>
          </TextLine>
          <TextLine ID="eSc_line_d33ff3fa"
                    TAGREFS="LT8"
                    BASELINE="151 1332 1191 1326" 
                    HPOS="150.0"
                    VPOS="1274.0"
                    WIDTH="1041.0"
                    HEIGHT="82.0">
            <Shape><Polygon POINTS="151 1332 151 1348 376 1356 377 1356 855 1345 871 1345 874 1345 928 1353 929 1353 1189 1342 1191 1326 1188 1287 1110 1274 1109 1274 1107 1274 1106 1274 1087 1286 974 1274 972 1274 971 1274 928 1287 762 1276 761 1276 759 1276 758 1276 740 1287 575 1277 574 1277 572 1277 544 1289 504 1277 502 1277 501 1277 499 1277 474 1287 461 1277 459 1277 458 1277 410 1277 408 1277 333 1289 263 1283 261 1283 150 1292 151 1332"/></Shape>
	    <String CONTENT="quæ quãta ſummi Sacerdotis, quãta alio¬"
                    HPOS="150.0"
                    VPOS="1274.0"
                    WIDTH="1041.0"
                    HEIGHT="82.0"
                    WC="0.970010428893857"></String>
          </TextLine>
          <TextLine ID="eSc_line_a04f3b05"
                    TAGREFS="LT8"
                    BASELINE="148 1403 1189 1395" 
                    HPOS="147.0"
                    VPOS="1339.0"
                    WIDTH="1042.0"
                    HEIGHT="90.0">
            <Shape><Polygon POINTS="148 1403 148 1418 229 1426 230 1426 232 1426 249 1418 251 1418 279 1429 281 1429 282 1429 333 1427 334 1427 336 1427 350 1417 359 1417 438 1426 440 1426 489 1415 495 1415 499 1415 529 1426 530 1426 532 1426 533 1426 560 1415 562 1415 568 1415 655 1424 657 1424 658 1424 687 1414 690 1414 734 1414 736 1414 752 1424 754 1424 755 1424 757 1426 841 1426 841 1424 843 1424 844 1424 858 1415 867 1423 868 1423 870 1423 871 1424 933 1424 933 1423 935 1423 936 1423 945 1415 1014 1423 1015 1423 1063 1414 1139 1421 1140 1421 1188 1409 1189 1395 1188 1347 1164 1339 1163 1339 1161 1339 1160 1339 1143 1347 1133 1353 1032 1353 1026 1348 1020 1344 1018 1344 1017 1344 1015 1344 920 1350 874 1353 867 1351 849 1345 847 1345 846 1345 844 1345 826 1351 816 1354 804 1351 765 1342 667 1342 666 1342 615 1354 608 1356 606 1354 590 1344 588 1344 587 1344 585 1344 550 1351 511 1344 510 1344 508 1344 459 1356 413 1345 411 1345 410 1345 408 1345 397 1354 348 1347 346 1347 345 1347 327 1356 234 1347 233 1347 232 1347 230 1347 209 1360 147 1360 148 1403"/></Shape>
	    <String CONTENT="rũ ſit poteſtas deſcribũt? quę qui ritus cui¬"
                    HPOS="147.0"
                    VPOS="1339.0"
                    WIDTH="1042.0"
                    HEIGHT="90.0"></String>
          </TextLine>
          <TextLine ID="eSc_line_3249eec4"
                    TAGREFS="LT8"
                    BASELINE="156 1472 1191 1464" 
                    HPOS="154.0"
                    VPOS="1412.0"
                    WIDTH="1037.0"
                    HEIGHT="85.0">
            <Shape><Polygon POINTS="156 1472 156 1497 245 1494 246 1494 269 1485 377 1493 379 1493 380 1493 403 1484 502 1484 511 1491 514 1493 514 1494 516 1494 517 1494 519 1496 547 1496 547 1494 548 1494 556 1490 571 1482 669 1488 745 1493 746 1493 748 1493 749 1493 758 1487 764 1482 770 1487 776 1491 777 1491 779 1491 780 1491 826 1485 864 1481 942 1484 1139 1490 1140 1490 1189 1478 1191 1464 1188 1423 959 1414 957 1414 914 1423 858 1412 856 1412 627 1424 580 1414 578 1414 577 1414 575 1414 560 1426 493 1415 492 1415 490 1415 489 1415 471 1427 431 1427 419 1417 419 1415 417 1415 416 1415 362 1415 361 1415 298 1426 276 1417 275 1417 273 1417 191 1418 190 1418 154 1429 156 1472"/></Shape>
	    <String CONTENT="q; ſacrificiorũ generi, quę libamina, quæ"
                    HPOS="154.0"
                    VPOS="1412.0"
                    WIDTH="1037.0"
                    HEIGHT="85.0"></String>
          </TextLine>
          <TextLine ID="eSc_line_6c1ffef8"
                    TAGREFS="LT8"
                    BASELINE="151 1540 1197 1533" 
                    HPOS="150.0"
                    VPOS="1476.0"
                    WIDTH="1047.0"
                    HEIGHT="84.0">
            <Shape><Polygon POINTS="151 1540 151 1552 306 1560 307 1560 388 1552 389 1552 391 1552 553 1558 554 1558 626 1551 629 1551 632 1551 768 1557 770 1557 816 1549 820 1549 831 1549 974 1555 975 1555 1195 1546 1197 1533 1194 1490 1097 1490 1076 1476 1075 1476 1073 1476 1072 1476 1070 1476 1027 1488 989 1476 987 1476 986 1476 917 1491 886 1491 868 1478 867 1478 865 1478 864 1478 804 1490 751 1479 749 1479 748 1479 746 1479 734 1488 682 1482 681 1482 585 1490 572 1479 571 1479 569 1479 568 1479 566 1479 529 1493 400 1493 361 1481 359 1481 358 1481 356 1481 355 1481 336 1494 200 1482 199 1482 197 1482 196 1482 196 1484 182 1496 150 1496 151 1540"/></Shape>
	    <String CONTENT="oblatio ſit neceſſaria deffiniunt? denique"
                    HPOS="150.0"
                    VPOS="1476.0"
                    WIDTH="1047.0"
                    HEIGHT="84.0"
                    WC="0.987152264231727"></String>
          </TextLine>
          <TextLine ID="eSc_line_358389c0"
                    TAGREFS="LT8"
                    BASELINE="153 1607 1194 1603" 
                    HPOS="151.0"
                    VPOS="1549.0"
                    WIDTH="1043.0"
                    HEIGHT="79.0">
            <Shape><Polygon POINTS="153 1607 153 1619 175 1628 176 1628 178 1628 246 1621 345 1628 346 1628 403 1619 452 1628 453 1628 496 1618 499 1618 504 1618 536 1627 538 1627 539 1627 590 1618 593 1618 594 1618 620 1627 621 1627 623 1627 785 1618 798 1627 800 1627 801 1627 803 1627 804 1627 843 1616 847 1616 893 1616 896 1616 910 1625 911 1625 913 1625 914 1627 975 1627 975 1625 977 1625 978 1625 987 1616 989 1616 1024 1625 1026 1625 1027 1627 1149 1627 1149 1625 1192 1615 1194 1603 1191 1558 1017 1549 1015 1549 1014 1549 990 1557 974 1549 972 1549 971 1549 969 1549 935 1558 935 1560 834 1560 832 1560 823 1551 822 1551 820 1551 782 1551 780 1551 779 1551 777 1551 768 1558 740 1551 739 1551 737 1551 670 1560 646 1551 645 1551 643 1551 642 1551 624 1560 538 1554 536 1554 434 1561 416 1552 414 1552 340 1552 339 1552 337 1552 309 1561 298 1552 297 1552 295 1552 294 1552 292 1552 266 1563 151 1563 153 1607"/></Shape>
	    <String CONTENT="tota ipſa lex ceremonialis vetus à Deo"
                    HPOS="151.0"
                    VPOS="1549.0"
                    WIDTH="1043.0"
                    HEIGHT="79.0"
                    WC="0.990446608800154"></String>
          </TextLine>
          <TextLine ID="eSc_line_8b123db8"
                    TAGREFS="LT8"
                    BASELINE="156 1677 1194 1670" 
                    HPOS="154.0"
                    VPOS="1612.0"
                    WIDTH="1040.0"
                    HEIGHT="90.0">
            <Shape><Polygon POINTS="156 1677 156 1702 203 1702 203 1701 205 1701 206 1701 220 1692 246 1699 249 1701 251 1701 252 1701 254 1701 257 1699 278 1690 438 1696 514 1699 516 1699 536 1695 569 1687 593 1693 596 1695 597 1695 599 1695 626 1693 712 1687 722 1692 731 1696 733 1696 734 1696 736 1696 757 1692 779 1686 849 1686 855 1689 870 1696 871 1696 873 1696 874 1696 895 1689 905 1686 913 1689 935 1696 936 1696 938 1696 1000 1687 1002 1687 1018 1695 1020 1695 1021 1696 1121 1696 1121 1695 1122 1695 1151 1686 1179 1695 1180 1695 1182 1695 1183 1695 1185 1695 1194 1686 1194 1670 1191 1625 1140 1625 1124 1612 1122 1612 1121 1612 1119 1612 1118 1612 1090 1625 1026 1625 1008 1613 1006 1613 1005 1613 1003 1613 1002 1613 975 1627 864 1627 838 1613 837 1613 777 1613 776 1613 774 1613 734 1624 699 1615 697 1615 696 1615 694 1615 693 1615 676 1625 582 1615 581 1615 580 1615 533 1629 385 1629 367 1616 365 1616 364 1616 362 1616 361 1616 318 1629 303 1621 301 1621 300 1621 298 1621 297 1621 267 1629 226 1618 224 1618 223 1618 221 1618 220 1618 205 1628 169 1621 168 1621 166 1621 165 1621 154 1628 156 1677"/></Shape>
	    <String CONTENT="ipſo dictata, quid aliud, obſecro, eſt, quàm"
                    HPOS="154.0"
                    VPOS="1612.0"
                    WIDTH="1040.0"
                    HEIGHT="90.0"
                    WC="0.982128247949812"></String>
          </TextLine>
          <TextLine ID="eSc_line_2fdcb95e"
                    TAGREFS="LT8"
                    BASELINE="154 1743 1192 1737" 
                    HPOS="153.0"
                    VPOS="1685.0"
                    WIDTH="1039.0"
                    HEIGHT="78.0">
            <Shape><Polygon POINTS="154 1743 156 1762 181 1756 307 1760 385 1763 386 1763 388 1763 401 1759 422 1754 458 1759 481 1762 483 1762 484 1762 493 1759 504 1754 545 1757 590 1762 591 1762 624 1757 645 1754 773 1756 1090 1759 1091 1759 1191 1750 1192 1737 1189 1695 939 1685 938 1685 936 1685 935 1685 917 1696 913 1696 856 1686 855 1686 768 1695 721 1686 719 1686 646 1698 643 1698 641 1698 544 1687 542 1687 541 1687 501 1698 478 1689 477 1689 475 1689 414 1698 325 1689 324 1689 322 1689 321 1689 307 1699 255 1689 254 1689 153 1701 154 1743"/></Shape>
	    <String CONTENT="ampliſſima &amp; luculentiſſima diſciplinæ"
                    HPOS="153.0"
                    VPOS="1685.0"
                    WIDTH="1039.0"
                    HEIGHT="78.0"
                    WC="0.965000045926947"></String>
          </TextLine>
          <TextLine ID="eSc_line_482bb567"
                    TAGREFS="LT8"
                    BASELINE="156 1814 1194 1804" 
                    HPOS="154.0"
                    VPOS="1747.0"
                    WIDTH="1040.0"
                    HEIGHT="88.0">
            <Shape><Polygon POINTS="156 1814 156 1827 237 1835 239 1835 374 1827 401 1835 403 1835 404 1835 452 1826 461 1833 462 1833 464 1833 465 1833 466 1833 487 1826 544 1833 545 1833 547 1833 548 1833 562 1826 746 1832 748 1832 868 1823 893 1830 895 1830 896 1830 954 1821 965 1829 966 1829 968 1829 969 1829 1103 1827 1105 1827 1106 1827 1115 1820 1165 1827 1167 1827 1168 1827 1194 1817 1194 1804 1191 1750 1168 1747 1167 1747 1165 1747 1164 1747 1161 1750 1142 1760 910 1756 908 1756 849 1763 832 1756 831 1756 829 1756 739 1765 661 1763 646 1753 645 1751 643 1751 642 1751 641 1751 639 1751 635 1753 617 1763 596 1753 594 1753 593 1753 591 1753 590 1753 587 1753 559 1762 526 1754 519 1753 517 1753 516 1753 514 1753 513 1754 499 1763 441 1754 435 1754 434 1754 425 1754 355 1762 343 1756 343 1754 342 1754 340 1754 339 1754 266 1756 264 1756 263 1756 226 1766 154 1757 156 1814"/></Shape>
	    <String CONTENT="Eccleſiaſticæ deſcriptio, nõ tantum autẽ"
                    HPOS="154.0"
                    VPOS="1747.0"
                    WIDTH="1040.0"
                    HEIGHT="88.0"
                    WC="0.995414005858558"></String>
          </TextLine>
          <TextLine ID="eSc_line_959c47bb"
                    TAGREFS="LT8"
                    BASELINE="160 1879 1194 1870" 
                    HPOS="159.0"
                    VPOS="1818.0"
                    WIDTH="1035.0"
                    HEIGHT="85.0">
            <Shape><Polygon POINTS="160 1879 160 1903 504 1903 504 1902 505 1902 507 1902 511 1897 517 1893 538 1896 560 1900 562 1900 776 1893 792 1893 795 1893 846 1899 847 1899 914 1890 926 1890 933 1890 997 1897 999 1897 1000 1897 1032 1888 1035 1887 1194 1885 1194 1870 1192 1832 1167 1818 1165 1818 1164 1818 1072 1829 1058 1818 1057 1818 1055 1818 1021 1818 1020 1818 1018 1818 978 1832 831 1821 829 1821 773 1833 748 1821 746 1821 745 1821 743 1821 716 1835 648 1835 635 1826 633 1826 632 1826 542 1823 541 1823 539 1823 501 1836 407 1824 406 1824 330 1838 295 1826 294 1826 292 1826 291 1826 290 1826 275 1836 211 1832 209 1832 159 1839 160 1879"/></Shape>
	    <String CONTENT="quædam illius delineatio? Nec verò mi¬"
                    HPOS="159.0"
                    VPOS="1818.0"
                    WIDTH="1035.0"
                    HEIGHT="85.0"
                    WC="0.978704304267199"></String>
          </TextLine>
          <TextLine ID="eSc_line_945c807b"
                    TAGREFS="LT8"
                    BASELINE="157 1949 1192 1942" 
                    HPOS="156.0"
                    VPOS="1888.0"
                    WIDTH="1036.0"
                    HEIGHT="85.0">
            <Shape><Polygon POINTS="157 1949 157 1972 226 1964 263 1970 281 1973 282 1973 300 1970 340 1961 361 1969 368 1972 370 1972 371 1972 373 1972 380 1969 400 1960 456 1967 495 1972 496 1972 498 1972 499 1972 505 1966 514 1960 565 1960 575 1966 582 1970 584 1970 585 1970 587 1970 588 1970 590 1970 596 1964 599 1963 629 1964 736 1970 737 1970 739 1970 764 1961 779 1957 817 1961 892 1969 893 1969 1045 1957 1070 1955 1081 1957 1155 1967 1157 1967 1158 1967 1192 1954 1192 1942 1191 1899 1168 1888 1167 1888 1165 1888 1049 1897 996 1888 994 1888 993 1888 991 1888 978 1899 977 1900 972 1899 929 1890 928 1890 859 1900 853 1900 852 1900 834 1890 832 1890 831 1890 829 1890 828 1890 816 1900 815 1900 812 1900 777 1894 776 1894 774 1894 758 1900 752 1902 740 1900 684 1891 682 1891 681 1891 660 1900 658 1902 657 1900 646 1893 645 1893 643 1893 642 1893 584 1900 575 1902 574 1900 562 1893 560 1893 559 1893 465 1893 464 1893 416 1902 406 1903 395 1902 365 1896 364 1896 362 1896 361 1896 361 1897 355 1902 352 1906 306 1906 301 1902 294 1896 294 1894 292 1894 291 1894 290 1894 288 1894 267 1902 260 1905 156 1903 157 1949"/></Shape>
	    <String CONTENT="nus benignè Deus per Apoſtolos ſub"
                    HPOS="156.0"
                    VPOS="1888.0"
                    WIDTH="1036.0"
                    HEIGHT="85.0"
                    WC="0.996513155528477"></String>
          </TextLine>
          <TextLine ID="eSc_line_0d063e6d"
                    TAGREFS="LT8"
                    BASELINE="159 2016 1194 2009" 
                    HPOS="157.0"
                    VPOS="1957.0"
                    WIDTH="1037.0"
                    HEIGHT="83.0">
            <Shape><Polygon POINTS="159 2016 159 2033 297 2031 300 2033 319 2040 321 2040 322 2040 324 2040 356 2031 367 2030 379 2031 419 2038 420 2040 495 2040 495 2038 496 2038 498 2038 508 2031 568 2038 569 2038 571 2038 590 2030 591 2030 618 2030 846 2036 847 2036 849 2036 867 2028 868 2027 870 2028 878 2036 880 2036 881 2036 883 2037 986 2037 986 2036 1179 2034 1180 2034 1182 2034 1194 2027 1194 2009 1189 1957 1149 1964 1039 1958 1011 1957 1009 1957 1008 1957 1003 1958 983 1967 910 1960 893 1958 892 1958 890 1958 887 1960 870 1969 800 1969 786 1961 780 1958 779 1958 777 1958 776 1958 768 1961 751 1970 594 1970 582 1963 578 1961 577 1961 575 1961 574 1961 568 1963 551 1972 388 1972 379 1966 374 1961 373 1961 371 1961 370 1961 368 1961 356 1966 342 1972 157 1969 159 2016"/></Shape>
	    <String CONTENT="nouo teſtamento eandem diſciplinam"
                    HPOS="157.0"
                    VPOS="1957.0"
                    WIDTH="1037.0"
                    HEIGHT="83.0"
                    WC="0.983504884383258"></String>
          </TextLine>
          <TextLine ID="eSc_line_181aa0cb"
                    TAGREFS="LT8"
                    BASELINE="160 2086 1189 2074" 
                    HPOS="159.0"
                    VPOS="2019.0"
                    WIDTH="1030.0"
                    HEIGHT="95.0">
            <Shape><Polygon POINTS="160 2086 160 2102 209 2102 211 2102 240 2114 242 2114 243 2114 416 2101 501 2108 502 2108 504 2108 544 2098 547 2098 553 2098 672 2110 673 2110 675 2110 709 2096 736 2107 737 2107 739 2107 804 2095 807 2095 809 2095 887 2107 889 2107 1060 2105 1061 2105 1107 2092 1131 2104 1133 2104 1134 2104 1136 2104 1189 2089 1189 2074 1186 2034 1130 2034 1094 2019 1093 2019 1091 2019 1090 2019 1041 2034 1036 2034 1015 2034 883 2027 881 2027 880 2027 878 2027 871 2034 868 2036 809 2034 682 2030 681 2030 679 2030 663 2034 651 2037 645 2034 629 2025 627 2025 548 2025 547 2025 545 2025 544 2025 544 2027 535 2034 535 2036 495 2037 480 2034 446 2027 444 2027 353 2034 352 2034 350 2034 328 2028 327 2028 325 2028 324 2028 322 2028 315 2034 310 2038 304 2034 291 2028 290 2028 288 2028 159 2034 160 2086"/></Shape>
	    <String CONTENT="nobis inſtituit vel potius collapſam in¬"
                    HPOS="159.0"
                    VPOS="2019.0"
                    WIDTH="1030.0"
                    HEIGHT="95.0"
                    WC="0.973646920919418"></String>
          </TextLine>
          <TextLine ID="eSc_line_6371a8b3"
                    TAGREFS="LT8"
                    BASELINE="160 2156 1195 2149" 
                    HPOS="159.0"
                    VPOS="2094.0"
                    WIDTH="1036.0"
                    HEIGHT="99.0">
            <Shape><Polygon POINTS="160 2156 162 2186 187 2174 212 2186 214 2186 215 2186 217 2186 243 2174 261 2186 261 2187 263 2187 264 2187 266 2187 267 2187 270 2186 294 2174 330 2174 343 2184 345 2184 346 2184 348 2184 349 2184 374 2178 397 2187 407 2190 408 2190 410 2190 411 2190 420 2187 456 2174 577 2181 578 2181 580 2181 581 2181 594 2172 645 2184 646 2184 648 2184 678 2175 697 2187 701 2192 703 2192 704 2192 706 2193 780 2193 780 2192 834 2190 835 2190 837 2190 838 2189 862 2169 925 2177 926 2177 1020 2168 1105 2189 1106 2189 1107 2190 1194 2190 1195 2149 1191 2094 1139 2102 1105 2094 1103 2094 1102 2094 1100 2094 1099 2094 1097 2094 1073 2108 986 2098 984 2098 983 2098 981 2098 972 2107 779 2111 655 2105 646 2096 645 2096 643 2096 642 2096 636 2096 574 2107 556 2098 554 2098 480 2098 478 2098 477 2098 475 2098 459 2113 367 2113 358 2105 356 2105 355 2105 353 2105 352 2105 325 2116 297 2116 267 2099 266 2099 264 2099 159 2099 160 2156"/></Shape>
	    <String CONTENT="ſtaurauit &amp; reſtituit: vt pote omnino ad re¬"
                    HPOS="159.0"
                    VPOS="2094.0"
                    WIDTH="1036.0"
                    HEIGHT="99.0"
                    WC="0.965939952883609"></String>
          </TextLine>
        </TextBlock>
        <TextBlock HPOS="830.538"
                   VPOS="2170.87"
                   WIDTH="207.65200000000004"
                   HEIGHT="83.51000000000022"
                   ID="block_2"
                   TAGREFS="BT17">
          <Shape><Polygon POINTS="830.538 2170.87 1038.19 2170.87 1038.19 2254.38 830.538 2254.38 830.538 2170.87"/></Shape>
          <TextLine ID="eSc_line_b2fcf840"
                    TAGREFS="LT8"
                    BASELINE="951 2220 1017 2220" 
                    HPOS="951.0"
                    VPOS="2162.0"
                    WIDTH="66.0"
                    HEIGHT="103.0">
            <Shape><Polygon POINTS="951 2220 951 2238 1014 2265 1017 2220 1017 2168 994 2162 993 2162 991 2162 951 2171 951 2220"/></Shape>
	    <String CONTENT="iiij"
                    HPOS="951.0"
                    VPOS="2162.0"
                    WIDTH="66.0"
                    HEIGHT="103.0"
                    WC="0.870592281222343"></String>
          </TextLine>
        </TextBlock>
      </PrintSpace>
    </Page>
  </Layout>
</alto>
