1807 2677
939.0 196.0 359.0 53.0 EPISTOLA.

599.0 240.0 1044.0 90.0 Sic illa eiuſdem verbi Dei pars, quę diſci¬

600.0 315.0 1043.0 88.0 plinæ Eccleſiaſticæ præcepta tradit, hu¬

600.0 383.0 1043.0 83.0 ius Eccleſiæ, velut corporis iam ſuis

599.0 450.0 1045.0 79.0 membris cõſtantis, ſed nudi veſtimẽtum,

600.0 526.0 1046.0 77.0 cultum, & ornamentum compingit &

600.0 593.0 1049.0 80.0 conſarcinat, quò decorè veſtiri poſsit, vt

603.0 660.0 1046.0 71.0 ex eo quanta ſit vtriuſque, id eſt, doctrinæ

603.0 727.0 1041.0 77.0 & diſciplinæ Eccleſiæ inter ſe conſenſio

605.0 795.0 1044.0 85.0 cõiunctióque, ſatis iã intelligi poſsit. Erit

602.0 867.0 1047.0 78.0 enim cœtus hominum, etiam eorum, qui

606.0 933.0 1037.0 79.0 puram Dei prædicationem amplexi ſunt,

605.0 999.0 1042.0 80.0 velut nudum quoddam, & ſuis ornamen¬

605.0 1067.0 1044.0 73.0 tis carens, & deſtitutum corpus, niſi diſci¬

608.0 1134.0 1045.0 78.0 plinam Eccleſiaſticam ad veritatis lucem

605.0 1204.0 1047.0 79.0 & profeſſionem adiunxerit. Denique illa

605.0 1271.0 1045.0 83.0 eadem diſciplina rectè cuſtos ipſius fidei,

605.0 1341.0 1042.0 79.0 doctrinæ, mater virtutum, vinculum ho¬

606.0 1409.0 1046.0 76.0 neſtatis, neruus ſocietatis Chriſtianæ à

606.0 1476.0 1044.0 84.0 Patribus Eccleſiaſticis appellatur: cuius

599.0 1548.0 1057.0 79.0 certè tanta vis eſt, vt ſola illud conciliet

611.0 1615.0 1042.0 77.0 Eccleſiæ, quod decorum, venuſtatem,

608.0 1682.0 1047.0 84.0 ſplendorem, & ornamentum appellamus,

609.0 1751.0 1043.0 79.0 adeóque ſpecioſam eam reddat, vt ab hæ¬

609.0 1817.0 1047.0 82.0 reticis (qui iſtius diſciplinæ fuerunt ſem¬

606.0 1885.0 1053.0 81.0 per hoſtes maximi & infeſtiſſimi ) inuidio¬

609.0 1954.0 1047.0 82.0 ſo nomine lenocinium vt ait Tertull.

606.0 2024.0 1055.0 81.0 Eccleſiaſtica diſciplina diceretur. Cùm

606.0 2091.0 1047.0 98.0 ſit igitur hæc diſciplina illa iuſtitiæ

1528.0 2169.0 122.0 90.0 pars
