1807 2677
642 159 82 70 74

838 142 689 70 AD I. PAVL. AD TIM.

629 208 1048 82 tras imitari, qui præciſè ad Orientem orandum

630 270 1052 85 eſſe docent, tantum abeſt, vt ſit hæc traditio A¬

632 333 1042 81 poſtolica. Quod item idem Baſil.ſermo.2. de Ba¬

632 394 1047 78 tiſ. cap.8. in loco non ſacrato myſteria non pu¬

632 450 1047 72 tat poſſe celebrari, fallitur & non videt vbi ver¬

635 510 1042 78 bum Dei prædicatur, ibi locum eſſe ſacrum 1.

641 571 407 75 Timoth.4.verſ.4.

701 627 985 79 Tertio loco ex ipſo verſu quæritur. Quo ge¬

635 682 1053 82 ſtu ſit orandum. De quo quia nihil eſt hoc loco

639 746 1047 76 diſertè præſcriptum, ſed nec in toto Dei verbo,

636 804 1047 68 intelligitur habere ea res liberas obſeruationes,

636 859 1049 76 modò ne quod offendiculum aliis nimia affecta¬

639 919 1046 75 tione vel diſſenſione præbeamus. Chriſtus ipſe

638 977 1048 80 & ſtans & flexis genibus orauit, publicanus ſtãs

635 1038 1047 75 in templo precatus eſt, Luc.18.verſ. 13.22 verſ.41.

638 1094 1050 80 In Actis videmus poſitis genibus Chriſtianos

636 1155 1052 76 veteres ſæpe oraſſe Actor.7.9. & 2o.Stantes orãt,

638 1209 1048 86 qui ſpe promiſſionum Dei erigantur. Flexis au¬

636 1271 1052 80 tem genibus id faciunt qui, propter peccatorum

636 1328 1049 77 ſuorum ſenſum deiecti coram Deo humiliantur

636 1387 1053 82 & proſternuntur. Quidam etiam proſtrati ora¬

638 1448 1051 76 runt, vt Elias 1.Reg.18.Nec in eo ſynodorum de¬

636 1502 1052 84 creta magni eſſe momenti ad ſtabiliendam pie¬

639 1567 1049 76 tatem exiſtimemus, ſed morem potius regionis,

639 1624 1053 78 in qua ſumus, ſequamur, modò ne ſit in eo more

641 1679 1048 83 & ritu aliqua idololatria apparens. De manibus

641 1737 1057 78 etiam quæſitum eſt, quo earum ſitu, & geſtu ſit

643 1792 1056 87 orandum. Reſp. Alii iunctis, alii ſupinis, alii ſub¬

643 1853 1055 84 latis orarunt, vt docet Clemens Alexandr.lib.7.

645 1912 1051 77 Stroma. Itaque totum hoc genus obſeruationũ

646 1970 1050 83 & cæremoniarum liberum eſt. Et quod ait hoc

645 2030 1068 83 loco Paulus, Attollentes manus, metonymicò

646 2088 1049 98 dictum eſt. Nam ſignum pro re ſignata poſitum

1604 2147 91 91 eſt,
