1807 2677
639.0 178.0 83.0 59.0 12

816.0 162.0 698.0 72.0 AD I. PAVL. AD TIM.

635.0 227.0 1053.0 80.0 fuit vt melius poſtea Chriſtum agnoſcerent. Nos

635.0 292.0 1053.0 73.0 iam ex ea familia natum ſcimus & habemus vt

633.0 350.0 1055.0 79.0 hac inueſtigatione nobis hodie nõ ſit opus. Dein¬

635.0 411.0 1053.0 72.0 de prædicatur Chriſtus, vt non vnus tantùm fa¬

636.0 471.0 1054.0 76.0 milię vel gentis: ſed omnium populorum, omniũ

632.0 529.0 1057.0 71.0 nationum Mediator, Deus & Redemptor, vt in

635.0 585.0 1054.0 78.0 ſola Iudæorum gente non ſit hodie nobis Chri¬

635.0 645.0 1051.0 71.0 ſtus quærendus. Dixit, & quidem rectè, Auguſt.

636.0 703.0 1050.0 70.0 etiam veteris Teſtamenti Genealogias ad Chri¬

635.0 764.0 1055.0 76.0 ſtum pertinuiſſe lib.19. contra Fauſt. cap.351. Vnde

635.0 823.0 1053.0 75.0 apud illos ante natum Chriſtum fuit hæc quæ¬

633.0 880.0 1057.0 74.0 ſtio tolerabilior, quæ hodie ceſſat niſi ſi ſumus

633.0 939.0 1053.0 73.0 infideles, & Chriſtum verè natũ ſecundum Pro¬

635.0 999.0 438.0 79.0 phetas dubitemus.

681.0 1055.0 1008.0 76.0 Duplici nomine condemnat eas Paulus, quòd

630.0 1113.0 1058.0 81.0 & ſint Infinitæ, & Inutiles ad vitæ pietatem in

630.0 1176.0 1059.0 77.0 nobis ſerendam & gignendam. Vtrunque pugnat

629.0 1234.0 1057.0 76.0 cum vero omnis ſtudij & inquiſitionis fine. Quæ¬

629.0 1295.0 1059.0 68.0 rimus enim vt inueniamus: & vt tandem ad ali¬

632.0 1353.0 1057.0 74.0 quam cognitionem, atque etiam eam nobis vtilẽ

632.0 1414.0 1057.0 71.0 perueniamus & inſiſtamus ei acquieſcentes. Quẽ

629.0 1472.0 1061.0 71.0 fructum aut vſum non præſtant hæ quæſtiones.

627.0 1527.0 1063.0 71.0 Edificationẽ igitur eam dicit quæ eſt in fide, id

627.0 1589.0 1058.0 64.0 eſt, quæ ſecundum ipſius Dei voluntatem, verbũ,

627.0 1646.0 1062.0 67.0 & præceptum eſt, & ſolida. Nam finis Theolo¬

629.0 1702.0 1057.0 81.0 giæ veræ, eſt ædificatio conſcientiarum noſtra¬

626.0 1762.0 1062.0 76.0 rum, non vana & turgida ſcientia variarum diſ¬

624.0 1823.0 1066.0 74.0 putationum & quæſtionum. Ædificant enim, ſed

624.0 1885.0 1065.0 70.0 ad pugnas & clamores tantùm eæ quæſtiones,

626.0 1943.0 1066.0 66.0 quæ ſunt de huiuſmodi rebus, ac propterea vt ſunt

626.0 2003.0 1067.0 83.0 ita meritò appellantur inutiles 2 Timoth.2.v.

630.0 2064.0 189.0 85.0 16 & 23.

1470.0 2114.0 218.0 90.0 5 Porrò
