1807 2677
676 156 64 81 30

856 142 687 85 AD I. PAVL. AD TIM.

667 217 1059 90 patefacta: deinde quæ cernitur in cæteris rebus

664 282 1064 85 omnibus. Quæ nanque de Deo hoc loco dicun¬

666 343 1063 82 tur, illi ſemper competunt, quanquam ad Pauli

666 407 1060 76 conuerſionem optimè quadrant, in qua Deus

666 459 1060 80 ſuæ bonitatis, ſapientiæ, gloriæ, & immutabilita¬

670 522 1062 81 tis ſpecimen eximium oſtendit. Ergo ſi quid mi¬

669 578 1062 83 rum & incredibile ineſt ac occurrit in tanta Pau¬

667 640 1067 81 Ii conuerſione, ne mirentur. Nam eſt Deus qui

664 700 1067 79 conuertit, Deus, inquam, ille rex, & æternus, qui

667 758 1059 80 poteſt omnia, & ab æterno fuit. Si quid alienum,

667 817 1059 79 & nouum apparet in eadem factum conuerſione

666 877 1060 76 eſt Deus ille ſapiens. Si quid pręter humanam ra¬

663 932 1068 80 tionẽ extitiſſe cernitur, idẽ ille Deus eſt inuiſibilis,

667 994 1062 79 vt qui alia, quàm carnali ratione operatur & exe¬

666 1051 1059 79 quitur ſua conſilia, ſua beneficia confert, & Euã¬

672 1112 1059 76 gelium ſuum prouehit. Itaque hæc omnia Epi¬

669 1171 1060 75 theta ſunt rot ἀιτιολογίαι, ne fictitium hoc eſſe vi¬

667 1228 1058 76 deatur, & impoſſibile foctu quod Paulus de ſe

667 1287 1058 82 narrat, & de Dei miſericordia in conuertendis

670 1347 345 79 ſceleratiſſimis.

727 1403 999 82 Similia Epiphonemata paſſim apud Paulum

669 1464 1051 76 occurrunt, vti Romanor. 9. verſ.5. & infra 6 v. 16

725 1522 995 78 Quatuor autem Epitheta Deo tribuit, Vocat

669 1583 1053 75 enim Regem ſeculorum, immortalem, inuiſibi¬

669 1640 1060 77 lem, ſapientem & quidem ſolum. Alia quoque

667 1695 1056 74 alibi. Deo nomina tribuuntur, ſed hîc ſelegit Pau¬

669 1759 1056 80 lus, quæ magis circunſtantiis ſui facti & vocatio¬

669 1821 1068 73 nis conueniebant, Romanor. 1.V.2o. & Exod.34.v.

672 1876 1068 81 67. & paſſim in Pſalmis & hæc, & alia leguntur.

721 1936 1020 80 Rex ſeculorum) dicitur quia condidit tempo¬

670 2000 1068 74 ra non tantùm hæc quæ dicuntur Αʹιώνιά  Tit.1.V.2

670 2056 1071 79 & à rerum conditarum ſiue creatarum initio ce¬

675 2117 1059 98 peruntiſed illa quæ fluxerunt ante mundi crea¬

1548 2178 180 76 tionem
