1807 2677
626 174 63 64 50

832 151 690 70 AD I. PAVL. AD TIM.

624 218 1053 77 que errorum licentiam concedendam ſcribunt

624 279 1050 80 & deffendunt, ne quis, aiunt propter ſuam opi¬

620 339 1056 77 nionem puniatur, quaſi vera religio ſit opinio

629 398 789 76 quædam & hominum commentum.

685 456 994 71 Honeſtas decorum propriè eſt, vt non tantùm

626 514 1050 76 noſtra cum proximo commercia regantur rectis

626 571 1050 71 & æquis legibus, ſed etiam omnis honeſta mo¬

626 633 1051 68 deſtáque conuerſatio inter nos locum habeat, e¬

626 693 1051 72 tiam in rebus mediis, & quas indifferentes vocãt,

627 752 1050 67 veluti in communi veſtitu, victu, officio, & qua¬

624 816 1056 68 tenus pro quoque hominum genere & vocatione

627 868 1052 74 diſtinctio quædam officiorum eſt inter homines

629 926 1051 70 adhibenda. Hæc ἀταξία ordo & politia honeſta

636 989 1043 74 magnam ædificationem habet, & veræ pietatis

642 1048 574 70 quodammodo cuſtos eſt.

678 1103 1005 74 Confutat autem hic locus pulcherrimè Ana¬

630 1160 1053 77 baptiſtas, qui Magiſtratum ex Eccleſia Dei tol¬

629 1221 1054 75 lunt, vt peſtiferam ἀναρχίαν inducant. Quàm ſit au¬

629 1280 1056 73 tem illius vſus vtilis & Eccleſiæ neceſſarius vel

638 1338 1002 70 vna hæc Pauli ſententia perſpicuè demonſtrat.

691 1402 992 70 Sed quæſitum eſt, Num pro ijs tantùm Magi¬

629 1457 1056 73 ſtratibus ſit precandum, qui ſuo rectè defungun¬

630 1518 1053 70 tur officio, & à quibus pax, pietas, honeſtáſque

629 1574 1053 64 conſtituitur aut conſeruatur. Reſp. Ipſum Ma¬

629 1631 1054 77 giſtratus finem, qualis à Deo præſcribitur, ſpe¬

630 1698 1055 67 ctandum, non autem vitia perſonarum quæ eos

632 1762 1050 56 gerunt. Hic enim in vniuerſum harum vocatio¬

624 1809 1062 72 num finis eſt, quem proponit Paulus, propter quẽ

626 1867 1057 70 nobis commẽdati eſſe debent Magiſtratus, id eſt,

624 1927 1059 70 qui munus publicum gerunt, quanquam malè of¬

624 1985 1056 74 ficio ſuo fangantur. Sed pro bonis orandum eſt,

624 2047 1058 67 vt eos nobis Dominus conſeruet. Pro malis au¬

626 2107 1056 80 tem vt eos conuer tat & ad officium faciundum

1502 2168 177 70 excitet
