1807 2677
453 191 308 58 CAPVT I.

1093 189 53 65 27

92 257 1051 79 Hinc autem quidam colligunt definitionem

95 318 1042 82 peccati in Spiritum ſanctum: ſed non ſatis apté.

156 434 980 85 I4 Superabundauit autem gratia Do¬

89 502 1050 107 mini nostri cum fide & dilectione in Chriſto

92 580 135 87 Ieſu

141 657 999 77 Αὔξησις Dei gratiæ, quæ vice confirmationis

87 721 1055 71 addita eſt, & cx verbis ipſis Pauli apparet, vt o¬

90 780 1047 73 mnis ſuperioris vitæ labes deleta eſie doceatur.

89 838 1050 70 Probat autem hoc ipſom etiam ex effectis con¬

87 895 1052 77 trarijs ſuperiori illi vitæ, nempe ex fide, quæ op¬

90 959 1049 70 ponitur blaſphemiæ priori: & ex Charitate in

89 1015 1047 66 Chriſto, quæ opponitur Perſecutionibus, &

89 1070 1044 79 Contumelijs prioribus in Dei Eccleſiam factis.

153 1185 984 85 15 Fidus eſt hic ſermo, & modis omni¬

84 1253 1052 89 bus dignus quem amplectamur, Chriſtum Ie¬

84 1331 1049 89 ſum veniſſe in mundum vt peccatores ſerua¬

86 1408 682 76 ret, quorum primus ſum ego.

96 1470 1035 76 16 Verum ideo miſertus est mei, vt in

83 1539 1048 80 me primo oſtenderet Ieſus Chriſtus omnem

84 1601 1044 88 clementiam: vt eſſem exemplo credituris i¬

93 1671 530 80 pſi in vitam æternam.

132 1783 992 89 Αʹνάκλασις eáque ſummo illuſtrandæ Dei glo¬

84 1854 1041 70 riæ ſtudio inducta, vt quod contra miniſterium

84 1909 1041 73 Pauli maximè videbatur antea obiici poſſe, hoc

78 1972 1044 74 totum ad pios conſolandos confirmandóſque iã

81 2034 1040 70 valeat, quum in Paulo, tanquam pulcherrimo

78 2091 1046 75 quodam ſpeculo, inſigne & ſingulare Dei miſe¬

72 2152 1052 87 ricordiæ exemplum etiam maximi quoque pec¬

942 2220 182 71 catores
