1807 2677
474 169 335 74 CAPVT II.

1119 175 60 73 81

136 243 1041 73 vetus Eccleſia in Synodis repreſsit. Oportet e¬

136 303 1040 67 nim eo modo mulieres Chriſtianas veſtiri, quo

138 361 1042 73 interna earum pudicitia apparere poſsit, etiam

135 417 1041 72 infidelibus hominibus. Nam vt, & rectè quidẽ,

135 477 1041 71 ſuo ſeculo eſt conqueſtus Chryſoſtom. quædam

135 538 1041 71 mulieres ita exornatæ ad templum & cœtũ Do¬

133 593 1047 71 mini incedunt, & ad ſacram Domini Cœnam ſu¬

133 654 1046 73 mendam accedunt, vt illîc potius ſaltaturæ, quàm

135 710 1047 78 Deum precaturæ videantur. Nec verò ijs prodeſt

133 773 1046 71 hæc exceptio, Sic culta viro & marito meo pla¬

132 826 1044 75 ceo. Nec enim illæ, vt lenoni marito placeant,

130 886 1047 79 debent ſtudere: & quæ ſic exornata, aut fuco pi¬

133 945 1041 78 gmentata incedit, certè naturam formámque,

136 1006 1043 72 quam à Deo accepit, odit. Sed neque hæc altera

133 1061 1044 76 earum ratio eſt audienda, Sunt hæc omnia ex τῶν

130 1121 1049 71 ἀδιαφορων genere. Neq; enim hęc cùm offendiculũ

132 1179 1044 74 cuiquam præbent, ſunt adiaphora: ſed damnata

132 1235 1045 78 ſunt, iíſq; eſt abſtinendũ. In ſumma cultum mu¬

132 1298 1042 73 lierum non damnat Paulus, modò ſit Honeſtus,

132 1351 1041 78 & Modeſtiæ verecundiæque Chriſtianarum mu¬

130 1423 1046 58 lierum conueniens & conſentaneus. Et rectè etiã

130 1469 1044 79 docet Plutarchus lib.6.Sympoſ.quæſt.7. abſter¬

130 1530 1043 80 ſionem ſordium & ſpurcitiei à cultu inhoneſto

130 1591 494 79 & ſumptuoſo differre.

199 1702 977 90 10 Sed (quod decet mulieres pietatem

133 1775 677 88 ſpondentes) operibus bonis.

187 1860 987 80 A'ντίθεσις eſt. Faſtui enim & ſuperbiæ, atque

130 1928 1046 76 laſciuæ illi mulierum pompæ ſuperiori verſiculo

132 1992 1042 72 deſcriptæ verum earum ornatum opponit, nimi¬

133 2049 1044 73 rum bona opera, id eſt, pro externo ornatu, vt lo¬

135 2104 1038 101 quitur Petrus, internum requirit qui in eo poſi¬

922 2160 65 88 £j.
