1807 2677
527 187 314 74 CAPVT I.

1153 180 44 92 35

141 246 1062 91 ſeribunt cano. Qui Epiſcopus ordinandus diſt.25.

144 313 1060 81 tamen cùm munus Epiſcopi deſcribunt & defi¬

141 371 1060 82 niunt eo modo illi loquuntur, vt nihil planè cum

139 431 1059 79 hoc Pauli loco cõueniat in cano. Perlectis diſt.25

142 489 1055 82 Ad Epiſcopum pertinet Baſilicarum conſecrati o

151 550 1047 70 Vnctio altaris, conſecratio Chriſmatis: ipſe præ¬

144 603 1044 79 dicta officia & ordines Eccleſiaſticos diſtribuit:

141 666 1060 80 ipſe ſacras virgines benedicit, &c. Quæ mera

139 725 1056 76 ſunt tam ſanctæ dignitatis ludibria, nimirum tam

139 782 1059 88 procul à vero Epiſcopatus ſine in Papatu receſ¬

133 836 186 83 lum eſt.

200 898 992 79 Commendat autem Paulus hanc ſuam, quan¬

139 959 1055 80 quam breuem paſtoralis muneris deſcriptionem

138 1017 1059 82 duplici argumento, Generali, & Speciali, quo di¬

136 1076 1058 75 ligentiùs & à nobis omnibus, & à Timotheo ex¬

135 1136 1057 79 cipiatur & obſeruetur diligentiùs. Generalis qui¬

135 1192 1056 82 dem ratio eſt quæ à genere ſumpta eſt, dum Præ¬

138 1255 1054 79 ceptum appellat, ergo non negligendum impu¬

135 1311 1054 84 nè, & Depoſitũ. Specialis ratio commendationis

135 1371 1054 76 ſpectat Timotheũ, & tũ à ſuo in eum amore, tum

136 1430 1053 78 ab ipſius officio ducitur, qui Prophetias de ſe hà

136 1484 1053 82 beat plures Præcedentes, vt certus ſit de Dei au¬

130 1546 1055 85 xilio, & ſua vocatione, Quod ad Prophetias, qui¬

132 1607 1056 80 dam, vt Chriſoſtomus, eas accipit de ordinaria

135 1665 1045 80 via & electione, quam obſeruatam eſſe vult in

136 1725 1044 80 Timothei electione: alij de extraordinaria acci¬

133 1786 1046 74 piunt, qualis illa, quæ clara Dei voce facta eſt

132 1842 1047 76 Actor. 13. Tale de Timotheo extitiſſe Dei te¬

130 1899 1047 86 ſtimonium volunt. Actor. 16 verſ. 2. Ego extraor¬

130 1961 866 77 dinariam electionem accipio hoc loco.

188 2016 989 88 Vt milites per eas) Explicat Paulus qui modus

127 2074 1052 82 ſit Euangelici miniſterij fideliter exequendi, ni¬

132 2135 1048 103 nimirum, durum ſæpe certamen ſubeundum eſſe

893 2215 96 87 C. ij
