1807 2677
632 159 78 74 14

829 156 677 71 AD I. PAVL. AD TIM.

632 220 1053 83 Actionem hîc non accipi à nobis pro opere me¬

629 284 1056 72 chanico: ſed pro præſtatione aliqua, cuius fructus

627 342 1059 71 ſit Dei gloria & ædificatio conſcientiarum. Con¬

630 403 1058 71 templatio autem nuda & mera imperfectus a¬

632 464 1054 63 ctus & humanę imbecillitatis indicium potius eſt

630 520 1055 70 quàm laus potentiæ, ſi deſit ſcilicet iſtius con¬

633 584 1049 74 templationis aliquis effectus & fructus qui cog¬

633 642 757 74 nitionem noſtram conſequi poſſit.

688 696 998 75 Aiunt iſti Dixit Chriſtus Luc. 1o. meliorem

632 756 1053 81 partem elegit Maria ſibi. Reſpond. Verſabatur

630 814 1055 78 in actione, non in nuda diſputatione, cuius exer¬

632 875 972 73 cendæ gratiâ mundo ipſi renuntiabat Maria.

694 939 992 69 Aiunt Tertiæ præſtantiſſimæ hominis partis

633 994 1053 64 actio eſt præſtantiſſima. Animus autẽ, cuius pro¬

633 1052 1055 72 pria eſt contemplatio, eſt corpore excellentior.

633 1112 1052 71 Ergo & cõtemplatio eſt nobilior actione. Reſp.

645 1170 1041 71 Vera eſſet concluſio, ſi actio, de qua loquimur,

632 1228 1057 70 ſolius corporis viribus fieret, non autem præci¬

636 1286 1053 76 puè operatione, id eſt, intellectu & voluntate i¬

638 1347 1052 73 pſius animi noſtri, ad cuius obſequium poſtea

633 1408 1057 73 for mantur corporis membra. Ergo quum dici¬

635 1466 1057 73 mus actionem eſſe finem veræ Theologiæ &

636 1522 1053 73 Chriſtianæ, nomine Actionis vel Operis non in¬

636 1580 1052 76 telligimus ſeruile & mechanicum aliquod opus,

636 1643 1057 70 ſed actionem intellectus & voluntatis noſtræ ad

635 1698 1060 76 Deum tendentis nobiliſſimã. Nam ipſi illi Scho¬

636 1763 1059 69 laſtici etiam conſtituunt int ell ectum practicum

635 1814 1055 70 eſſe facultatem animi humani præſtantiſſimam.

699 1878 994 62 Aiunt quartò, oculus eſt præſtantior manu.

638 1933 1057 68 Reſp. Κατάτι. Neque etiam hîc operis nomine

638 1994 1060 70 intelligimus tantùm manuales actiones, ſed cul¬

642 2053 1057 79 tum Dei, reformationem vitæ quæ ſunt actiones

639 2110 284 82 nobiliſsimæ

1511 2168 188 100 Charitas
