1807 2677
495 193 333 77 CAPVT II.

1136 214 53 65 67

154 260 568 82 quàm ſatur & cibi plenus.

220 316 975 79 Videndum iam eſt de loco, vbi orandum ſit.

154 377 1044 87 Reſp. verò vbique poſſe. Conuenit enim Paulo

150 438 1050 79 cum Chriſto Ioan.4. verſ. 21. Quemadmodum e¬

148 504 1050 78 nim Deus non eſt acceptor perſonarum, ita nec

148 559 1049 79 locorum. Nam Domini eſt terra, & plenitudo e¬

148 615 1049 79 ius. Pſal. 24. Videturque abſurdum, vt Deus, cu¬

148 673 1044 81 ius latiſſimè per vniuerſum orbem diffunditur

148 733 1046 81 maieſtas & potentia, vbique agnoſci inuocari &

148 791 832 71 coli non poſsit, vt eſt Malach. 1.verſ.11.

206 850 988 73 Obſtat tamen quod eſt ſcriptum Deuter.12.v.

147 910 1047 76 5, & 2. Chronic.7.verſ.12. templum Dei à Solo¬

142 969 1050 75 mone conſtructum eum fuiſſe locum, quem Do¬

142 1027 1050 76 minus ſpecialiter elegerat, vt ibi inuocaretur. I¬

142 1081 1046 77 taque verſus illud templum conuerſus etiam in

144 1142 1045 80 media Babylone precabatur Daniel, vt ipſe ſcri¬

142 1203 1047 80 bit cap.6.verſ.1o. Reſpond. verò pro tempore

138 1258 1048 83 ita conſtitutũ à Deo fuiſſe, vt quanquam vbique

138 1319 1050 76 inuocari poſſet nomen ipſius, ſacrificari tamen

135 1378 1048 76 ſolùm in templo Hieroſolymitano tunc tempo¬

136 1436 1047 77 ris fas eſſet, quia & cæremoniæ tunc locum ha¬

135 1493 1050 81 bebant, & gratia Dei nondum diffuſa erat in o¬

135 1555 1045 79 mnes Gentes. Denique hac pædagogia Domi¬

133 1612 1052 78 nus tunc volebat ſuos ad vnionem fidei & do¬

130 1671 1052 77 ctrinæ exhortari, prouocare, & adducere, & futu¬

127 1728 1056 84 ram libertatem ſub Chriſto maioremn oſtendere,

133 1786 365 74 qualis etiam eſt.

184 1838 995 80 Ergo ſublatum eſt illud locorumh vetus diſcri¬

130 1900 1046 85 men, vti nec iam cultus Dei in ſacrificiis hoſtia¬

133 1964 1043 80 rum conſiſtit. Quò fit vt vbique piè colatur & a¬

132 2021 1044 84 doretur Deus, & vt illa ſacrificia, quæ hodie exi¬

133 2080 1043 85 git, quæ ſunt gratiarum actiones, vbique terra¬

130 2140 1043 95 rum illi offerri poſsint. Atque eò præcipuè per¬

890 2207 93 90 e.ij.
