1807 2677
673 142 74 101 64

858 156 654 78 AD I. PAVL. AD TIM

712 215 986 83 Iureiurando etiam ſuam vocationem confir¬

654 281 1045 80 mat, quod vocatio Gentium tunc res noua pror¬

652 340 1044 83 ſus & aliena à Dei conſilio cenſeretur, qui tanto

654 401 1048 79 tempore ſolos Iudæos pro ſuo populo agnouerat

655 459 1044 76 & res iſta eſſet magni momenti. Quamobrem

657 514 1042 74 non videtur temerè & de re nihili ſumptum à

657 575 1045 71 Paulo Dei nomen. Similis autem iuramenti for¬

655 635 1044 81 mula eſt etiam apud eundem Paulum Romano.

660 698 196 72 9.verſ.1.

712 746 992 86 Εν χρίστῳ dupliciter vel in Chriſto, id eſt, Chri¬

654 813 1048 71 ſto linguam meam & mentem dirigẽte, & cõmo¬

655 871 1050 76 uente: vel per Chriſtum, id eſt, teſte Chriſto i¬

655 931 1049 77 pſo, quem huius rei & meæ vocationis & mune¬

654 986 1053 81 ris teſtem produco. In qua poſtrema ſententia

652 1048 1055 76 conueniunt docti interpretes. Quæritur autem

654 1107 1048 73 Num verò tunc per creaturas iuretur, quum per

655 1164 1049 74 Chriſtum iuratur. Sed reſponſio facilis eſt. Non

654 1222 1048 76 iurari, quia Chriſtus non tantùm eſt homo &

654 1279 1053 78 creatura: ſed etiam Deus. Deinde hîc videtur

658 1337 1049 80 Chriſtus potius teſtis, quàm iudex produci. Te¬

655 1397 1049 81 ſtes verò poſſunt à nobis, vt à Prophetis, appel¬

655 1460 939 65 lari etiam mutæ creaturæ, nedum Chriſtus.

713 1512 992 77 Addit denique in Fide, & Veritate. Quibus

657 1579 1050 70 verbis & eam doctrinam confirmat, quam Gen¬

657 1634 1051 74 tes docebat cùm fidem appellat: & animi ſui ſyn¬

658 1695 1047 71 ceritatem, cùm huic fidei veritatem coniungit.

657 1751 1054 72 His autem verbis breuiter comprehenſa eſt veri

655 1805 1053 79 paſtoris definitio. Eſt enim is, qui in Eccleſia

655 1869 1055 67 Dei legitimè vocatus docet fidem, id eſt, ſa¬

654 1927 1053 76 nam doctrinam in veritate.i.ſana coſciẽtia & re¬

657 1985 1060 89 cto fine. Quam definitionem confirmat Petrus 1.

661 2046 342 94 Pet.5.verſ.2.3.4.

1487 2094 226 99 8 Velim
