1807 2677
490 202 330 67 CAPVT II.

1134 217 48 75 53

136 258 1049 90 tat Paulus impletum iri. Itaque verè etiam Magi¬

136 321 1047 79 ſtratus ad Dei Eccleſiam pertinere pronuntiat.

193 379 989 87 Deinde à natura & definitione Euangelii idẽ

135 438 1045 85 probari poteſt. Eſt autem Euangelium potentia

135 498 1044 82 Dei ad ſalutem omni credenti ſiue Iudæo, ſiue

138 554 1039 86 Gentili, vt docet idem Paulus Romanor. 1. verſ.

133 614 1044 84 16. Nec enim, vt Lex, ſic Euangelium vni tantùm

130 675 1049 83 hominum generi & nationi deſtinatum aut pro¬

133 736 1044 77 ponendum erat. Ex hoc autem loco intelligimus

130 789 1044 85 etiam nos pro Ethnicis & Gentilibus veluti pro

138 846 1036 85 Turcis, ludæis, & iis qui adhuc in orbe terrarum

129 902 1045 87 idololatræ manent (quales in India & inſula A¬

127 965 1046 84 merica innumerabiles penè ſunt populi) Deum

127 1023 1047 82 orandum eſſe. Id quod etiam hoc loco Chriſo¬

124 1084 1049 79 ſtom. annotauit, quanquam de eo variæ fuerunt

126 1139 1045 89 Auguſtini tempore quæſtiones, quemadmodum

124 1197 597 79 ex ipſius Epiſtolis apparet.

185 1252 985 86 Modum etiam per ἐξήγησιν addit, quo ad ſalu¬

127 1314 1041 79 tem homines perducuntur, nimirum veritatis a¬

126 1374 1044 84 gnitionem. Hîc autem veritas non eſt accipienda

124 1432 1044 86 cuiuſuis cognitionis doctoris & diſciplinæ certũ

121 1493 1049 83 effatum, certáque ſententia, & cum reipſa con¬

120 1548 1047 84 ſentiẽs, ſed Euangelium tantùm quod κατ' ὀνομα¬

118 1609 1047 83 σίαν & inſigniter veritas appellatur, tũ quòd illa

120 1664 1045 87 ſit certiſsima doctrina & à Deo ipſo immediatè

118 1725 1045 87 profecta: tum etiam quòd ſola ſit veritas æſtimã¬

120 1781 1047 83 da, à nobis & conſectanda, & perſequenda: reli¬

121 1842 1050 86 quæ verò artes quatenus huic ſubſeruiunt & ad

123 1900 1040 88 vitæ huius commoditatem pertinent, exercendę.

121 1957 1042 87 Ex quo etiam colligitur non alios velle Deum

121 2015 1040 90 ſaluos fieri, quàm qui ad fidem Euangelij perue¬

120 2079 1043 81 ni unt, illíque credunt. Non ſunt enim iſta duo

121 2131 1040 111 diſtrahenda, quæ hîc Paulus coniungit, ne quis ſe

856 2207 106 81 d.iij.
