1807 2677
597.0 180.0 34.0 72.0 4

771.0 162.0 677.0 74.0 AD I. PAVL. AD TIM

575.0 229.0 845.0 78.0 qui iſtius viam ſalutis exponant nobis.

584.0 291.0 1037.0 74.0 Vocat autem Patrem ſeruatorem vti Tit I.verſ.3

575.0 346.0 1050.0 82.0 & 2.verſ 10. & Chriſtum ſpem noſtrã. Vti enim

575.0 407.0 1046.0 74.0 Pater dedit Filium, per quem ſeruamur. Ioan.3.V.

575.0 465.0 1047.0 79.0 I6.ita Filius eſt fundamentũ ſpei & ſalutis noſtrę,

577.0 524.0 1050.0 75.0 vt cùm hæc Patri & Filio communiter tribuun¬

577.0 582.0 1048.0 78.0 tur, intelligamus eſſe indiuiſa Trinitatis opera, &

578.0 643.0 1050.0 76.0 tres perſonas paris, non autem diſſimilis maie¬

578.0 701.0 1050.0 73.0 ſtatis & poteſtatis. Hec breuiùs perſequor, quia

578.0 761.0 660.0 82.0 à multis copioſè tractata ſunt.

648.0 834.0 974.0 86.0 Timotheo germano filio in fide. Gra¬

577.0 905.0 1051.0 75.0 tia ſit tibi miſericordia & pax à Deo Patre

580.0 975.0 926.0 82.0 noſtro, & Chriſto Ieſu Domino noſtro.

645.0 1045.0 985.0 68.0 Timotheus quis fuerit apparet ex Act.16. &

582.0 1099.0 1046.0 71.0 variis Epiſtolarum Pauli locis: Hũc autẽ vocat &

581.0 1157.0 1047.0 72.0 Filium in fide, vt diſtinguat à carnali filio: &

585.0 1222.0 1043.0 65.0 Germanum. i. verum & referentem veros mores

581.0 1277.0 1040.0 71.0 Patris Pauli: nõ igitur fuit hypocrita & fictitius,

590.0 1344.0 1038.0 65.0 vt hodie multi qui magnorum Dei ſeruorum &

581.0 1395.0 1049.0 77.0 filij ſunt & diſcipuli. Quod vtrunque pertinet ad

596.0 1455.0 745.0 70.0 Timothei laudem & imitationem.

639.0 1508.0 989.0 78.0 Sic Titum appellat Filium Tit.I.v3 & Corin¬

582.0 1569.0 1048.0 77.0 thios quoque I Corinth. 4. verſ.14. Tamen obſtat

585.0 1629.0 1040.0 66.0 quod ait Chriſtus Math.23.verſ.9. & Hebr.12.V.9

585.0 1689.0 1042.0 73.0 Vnus eſt Pater animorum, nempe, Deus. Reſp.

588.0 1744.0 1037.0 76.0 Verum eſt per ſe & propriè vnicum eſſe animo¬

580.0 1806.0 1048.0 63.0 rum noſtrorum Patrem, nimirum Deum ipſum:

580.0 1863.0 1048.0 71.0 ſed communicatione quadam, & quatenus homi¬

580.0 1922.0 1048.0 67.0 nes ſunt huius noſtræ in fide & Eccleſia Dei ge¬

578.0 1991.0 1049.0 56.0 nerationis, aut potius regenerationis inſtrumẽta,

582.0 2040.0 1046.0 64.0 vox ipſa Patris benignè illis à Deo cõmunicatur,

580.0 2099.0 1048.0 84.0 eti & Patribus carnalibus eadem vox Patris. Plus

1476.0 2166.0 155.0 78.0 autem
