1807 2677
938.0 144.0 449.0 65.0 EPISTOLA.

639.0 205.0 1034.0 92.0 cipit Deus, Denique modo ſit Eccleſia &

639.0 281.0 1040.0 83.0 Dei domus εὔτακτος, nõ autẽ ſentina im¬

636.0 345.0 1040.0 89.0 proborũ, ſed rectè adminiſtrata familia.

635.0 416.0 1039.0 86.0 Subſtantia igitur diſciplinæ vbique in

633.0 481.0 1038.0 88.0 Eccleſijs Dei eadem eſſe debet: accidens

633.0 553.0 1040.0 85.0 autem illius mutari poteſt. Ergo diligen¬

630.0 623.0 1040.0 81.0 ter quid eſſentiale, quid accidentale ſit,

624.0 693.0 1043.0 84.0 diſtinguendum eſſe reſpondemus. Porro

627.0 762.0 1038.0 82.0 nemini, ac ne quidem ipſi ſummo magi¬

627.0 825.0 1038.0 82.0 ſtratui, vel Eccleſiæ toti cõcedendũ arbi¬

626.0 898.0 1039.0 83.0 tramur, vt illa, quę ſunt οὐσιώδη diſciplinæ

627.0 963.0 1038.0 82.0 Eccleſiaſticæ, tollere, vel immutare poſ¬

623.0 1027.0 1041.0 82.0 ſit. Etſi enim in rebus politicis Rex, ſum¬

621.0 1102.0 1043.0 83.0 múſque magiſtratus nouas leges fer¬

620.0 1168.0 1044.0 85.0 re, & veteres abrogare iure poteſtatis ſi¬

617.0 1232.0 1042.0 90.0 bi à Deo conceſſæ poteſt, in diſci plinæ ta¬

615.0 1305.0 1043.0 76.0 men Eccleſiaſticæ fundamento vel vete¬

617.0 1374.0 1039.0 83.0 ri, & à Deo iam poſito tollendo: vel nouo

614.0 1441.0 1038.0 87.0 reperiendo conſtit uendóque idem ius

612.0 1512.0 1043.0 77.0 non habet. Cuius rei hæc ratio eſt, & qui¬

612.0 1576.0 1040.0 79.0 dem manifeſtiſsima, quòd cùm diſciplinę

611.0 1644.0 1039.0 85.0 Eccleſiaſticæ ſcopus & finis hic ſit, pri¬

611.0 1714.0 1036.0 87.0 mùm vt Paſtores, & qui Eccleſiæ Dei prę

611.0 1781.0 1036.0 79.0 eſſe debent legitimam vocationem ha¬

609.0 1850.0 1041.0 80.0 beant. Poſtea vt hominum conſcientiæ

611.0 1927.0 1039.0 80.0 gubernentur, & ad pœnitentiam conuer¬

608.0 1988.0 1042.0 80.0 ſionémque ad Deum adducãtur, ad ſolum

609.0 2053.0 1037.0 104.0 Deum diſciplinæ Eccleſiaſticæ definitio

1509.0 2126.0 131.0 95.0 legis
