1807 2677
423 160 341 73 CAPVT II.

1085 191 76 7 58

108 203 1043 113 pſit, nobis iam formidabilis eſſe non poteſt. Heb

108 270 1047 104 4.verſ.15. Bernard. ſermo.73. Canti. in tanta trepi¬

110 328 1044 101 datione electis fiduciam præſtat naturæ ſimilitu¬

110 389 1047 103 do. Denique vt facilius quia naturam omnibus

110 447 1039 97 hominibus communem Chriſtus aſſumpſit, in¬

110 504 1048 104 telligamus quorumuis hominum eum mediatorẽ

111 569 1044 95 eſſe, non vnius tantùm hominum generis, huma¬

113 621 1045 109 nitatis vel hominis Chriſti mentionem fecit Pau¬

116 716 129 60 lus.

171 739 992 101 Quæſitum eſt autem, Vtrum Chriſtus, qua

111 795 1052 109 tãtùm homo eſt, noſter mediator ſit, quod & Stã¬

114 858 1053 99 carus, Menno quidam, & hodie noui Arriani

116 917 1051 101 ſentiunt, an etiam quâ Deus eſt. Reſp. Cùm me¬

117 974 1053 104 diatoris œconomia & officium ad totam Chriſti

118 1035 1049 102 petſonam pertineat, neque aliter ſaluator no¬

120 1085 1051 101 ſter eſſe potuerit Chriſtus, niſi eſſet Emmanuel

118 1148 1050 96 id eſt, nobiſcum Deus, idcirco & qua Deus, &

124 1212 1047 99 qua homo eſt Chriſtum mediatorem noſtrum

126 1283 546 80 eſſe fateamur neceſſe eſt.

182 1323 988 100 Hoc autem docet & confirmat Auguſt. cùm

124 1383 1050 96 in Enchirid. tum verò pulcherrimè in libro de

126 1447 1045 95 Ouib. & lib. Confeſsionum. De qua re cum co¬

126 1502 1045 102 pioſiſsimè doctiſſ.noſtri temporis Theologi D.

127 1560 1049 96 Caluinus in Epiſtola 312. & Theodo. Beza Epiſt.

124 1621 1050 102 28. diſſeruerint, planè ſuperuacaneum puto latiùs

124 1698 600 86 hoc argumentum perſequi.

206 1796 974 110 6 Qui ſemetipſum dedit redemptionis

129 1869 1054 109 pretium pro quibuſuis, Chriſtus inquam, te¬

130 1937 1050 106 Stimoniũ illud ſuis temporibus deſtin atum.

187 2038 995 100 Αὔξησις eſt, per quam non modò ſuperiorem

129 2101 1057 109 rationem confirmat à connexis: ſed etiam me¬
