1807 2677
593 176 62 69 16

757 157 719 82 AD I. PAVL. AD TIM.

606 220 1052 96 quò ſpectare debeamus, quid odiſſe, quid dilige¬

606 291 1052 83 re, & quomodo pro cuiuſque vocatione nos ge¬

603 348 1052 77 rere. Itaque coniungenda eſt cum verbo Dei. Nõ

609 404 1050 79 vult autem Paulus hanc fidem eſſe hypocriticam

609 466 1052 82 quæ ſpeciem tantùm pietatis & metus Dei præ

611 524 940 85 ſe ferat: ſit tamen ab vtroque remotiſsima.

661 581 1000 85 Hæc fides igitur ad cognitionem ipſius do¬

608 639 1059 77 ctrinæ refertur, quæ in nobis eſſe debet ἐν ἀληθείᾳ

612 698 1055 79 vt loquitur Coloſſ.I verſ. 6.id eſt, & qualem eſſe

614 759 1053 85 ex Dei verbo oportet, nõ autem qualis ex noſtris

618 817 1047 90 aut hominum commentis, & ſenſu haberi, for¬

615 886 381 77 maríque poteſt.

684 996 984 92 6 A quibus quum quidam vt à ſcopo a¬

615 1069 1044 86 berrarint, deflexerunt ad vaniloquentiam

670 1167 1007 89 Confirmatio ſuperioris ſententiæ à contrario.

617 1232 1059 84 Nam qui ab hoc ſcopo deflexerunt, inciderunt

615 1292 1058 82 in miſeram vaniloquentiam, & inutile ſtudium,

618 1351 1058 82 quantumuis magni aliorum Doctores eſſe vellẽt

620 1408 1053 79 vel viderentur. Hæc verò Pauli ſentẽtia pulcher¬

617 1475 1059 79 rimam confir mationem recipit non tantùm ex

617 1525 1057 84 hæreticorum doctrina, qui vanitati illi planè de¬

618 1585 1061 85 diti fuerũt, relicto veræ Theologiæ ſcopo vt Va¬

620 1644 1059 79 lentiniani Manichei & alij: ſed imprimis ex ſom¬

620 1701 1057 88 nijs Scholaſticorum, qui nunc ſoli Theologi vi¬

623 1763 1057 82 deri, & dici (ſi Deo placet) volunt. Hinc apud

621 1824 1058 82 eos portenta quæſtionum, & myriades natæ inu¬

620 1884 1065 76 tilium diſputationum, in quibus tota ætas tamen

621 1942 1058 80 teritur. ac de quæſtionibus quidem hæc ſunt pau¬

624 2009 278 70 ca exempla.

691 2058 995 79 I Vtrum gratia qua nos diligit Deus, & nos

624 2114 1065 88 viciſsim Deum ſit eadem. Vtrum quid creatum

1625 2174 65 80 ſit
