1807 2677
761.0 707.0 720.0 88.0 AD LECTOREM.

679.0 823.0 974.0 103.0 Quod ſæpius, Lector optime, iuris Pontificij cano¬

615.0 896.0 1038.0 88.0 nes, & Gratiani Decretum citauimus, ea ſolùm mente

615.0 957.0 1032.0 84.0 fecimus, ut ex his tanquam ex quadam illius temporis

614.0 1008.0 1039.0 94.0 hiſtoria, quæ veteris Diſciplinæ Eceleſiaſticæ veſtigia

618.0 1069.0 1035.0 89.0 tũc adhuc (& ſi tamẽ corruptioribus iam Eccleſiæ tẽ¬

615.0 1127.0 1043.0 91.0 poribus ) reſtarent, intelligatur:non vt ex iſtis ſcripto¬

618.0 1186.0 1040.0 90.0 ribus quicquam dubium & anceps decidatur. Nam

618.0 1246.0 1037.0 86.0 etiam ex hoc ipſo perſpicient omnes, quantùm poſte¬

617.0 1304.0 1042.0 92.0 riori ætate Romana Eceleſia etiã ab eo tantilloſ quod

618.0 1363.0 1038.0 92.0 veteris diſciplinæ reliquum erat) diſceſſerit: & in

617.0 1424.0 1035.0 88.0 quam miſeram horribilémque tyrannidem & confu¬

614.0 1482.0 1039.0 89.0 ſionem iam, iuſto Dei iudicio, inciderit, vt ab ea nos

615.0 1539.0 1037.0 95.0 ſummo Dei Optimi Maximi beneficio liberatos eſſe

617.0 1601.0 944.0 103.0 lætemur, Deòque ipſi perpetuò gratias agamus.
