1807 2677
638 151 87 64 42

820 132 702 73 AD I. PAVL. AD TIM.

629 200 1057 87 poſtulationes, & gratiarum actiones. In quo pri¬

629 264 1056 72 mum eſt obſeruandum non temere tot voces eſ¬

624 322 1062 81 ſe ſimul congeſtas, ſed partim vt precandi aſsi¬

626 380 1056 73 duitatem & ſtudium inflammet, incitet & inii¬

626 443 1057 74 ciat nobis his tot verbis, nóſque excitet, quem¬

627 501 1062 76 admodum dixi: partim verò vt diuerſa eſſe pre¬

626 559 1060 80 cationum genera oſtendat, quemadmodum di¬

627 618 1065 70 uerſi ſunt hominum affectus, diuerſa hominum

626 676 1066 80 conditio, diuerſa noſtri ſtatus ratio, & ita paſtor

627 737 1065 77 ſcitè accommodet quæ ſunt cuiuſque orationis

635 797 1054 80 generis propria. Denique, vt oſtenderet Paulus,

626 859 1069 79 regum, & principum, cæterorúmque hominum

626 919 1066 74 commemorationem in nullo precum genere o¬

626 974 1060 74 mittendam eſſe, tot ſpecies commemorauit, itá¬

627 1032 1001 78 que omnes negligentiæ tollit excuſationes.

629 1090 1060 81 Cap.1. Quæritur autem primum quomodo hæ

627 1148 1066 81 voces differunt δέησις, προς ἀχὴ  , ἔντάξις, & Εὐχαρι¬

629 1207 1063 83 στία Quod vt commodè fiat primùm explicetur

626 1270 1067 78 & definiatur, quid ſit oratio in genere

681 1325 1018 77 Eſt oratio (ait Damaſcenus) πρεπόντων αἴτησις,

626 1381 1070 86 id eſt, Decentium poſtulatio petitióque à Deo.

627 1444 1074 81 Igitur cõplectitur res, quæ ſunt à Deo poſtulan¬

632 1502 1064 75 dæ. Illas enim ſolas fas eſt, & decet nos petere à

630 1560 1065 78 Deo. Dicitur autem à Latinis Oratio ab ore,

629 1622 1064 70 quia ore fit. Nec enim orationem vocabant quæ

624 1682 1072 69 intus & corde tantùm conciperetur, non etiam

629 1738 1069 77 ore proferretur. Vnde orationis vim in dicendo

630 1795 1074 83 maximam & in geſtu eſſe reſpondent. Varro lib.

646 1854 1046 82 5. de lingua Latina. Hebræi vocant תפלה à iudi¬

633 1917 1069 71 cando, quia deiici nos coram Deo neceſſe eſt, ſi

635 1973 1058 76 verè precari velimus, id quod ex animo ſenſúq;

632 2034 1064 68 noſtræ inopiæ facilè fiet. Definitur etiam oratio

635 2092 1061 92 Dei veneratio animi noſtri vota & affectus illi

1499 2162 196 83 pandens
