1807 2677
654 151 116 72 86

828 136 680 84 AD I. PAVL. AD TIM

643 202 1049 89 vnquam illius regno felicius & optabilius. Sapiẽ¬

642 264 1053 89 tertamen ſibi conſuluiſſe videntur ij populi, qui

636 325 1053 78 legibus ſuis & publico iure cauerunt, ne inter ſe,

642 383 1050 83 & in ſeſe fœminæ dominarentur, ſummúmque

639 446 1056 81 ius & imperium haberent, ſi genus ipſum mulie¬

639 499 1050 83 bre cum virili conferamus, quia ad multa munia,

643 559 1045 86 quæ regni adminiſtratio requirit, ſunt illæ minus

642 620 1048 81 propter ſexus ſui naturam & imbecillitatem a

642 676 1048 86 ptæ & inhabiles quale eſt præeſſe exercitui, ius

641 733 1049 86 dicere in publico ſedentes. Quæ certè res dede¬

639 794 1051 81 cent prorſus muliebrem verecundiam. Vnde iu¬

636 850 1053 82 re ciuili Roman. L. mulieres D. de Regul. Iuris

639 911 1056 79 mulieres à virilibus muneribus & officijs admi¬

638 972 1052 80 niſtrandis rectè arcentur: qualia ſunt etiam quæ

638 1026 1052 77 in publico exerceri debent. Et illud eſt Auguſt.

638 1085 1052 78 lib.1. de Nupt. cap.9. Nec dubitari poteſt viros

641 1143 1048 83 potius fœminis, quàm fœminas viris principari.

648 1204 1047 82 Vnde non poteſt mulier eſſe Roman. imperatrix

638 1262 1055 75 & regina, & cùm Athalia in ludæa & Irene mater

642 1320 1048 80 Conſtantini tertij imperium Conſtantinopoli.

646 1378 1052 86 gerere voluit, vtraque omnia ſubuertit, Idolorũ

638 1438 1054 75 cultum in Dei Eccleſiam inuexit, & hæc Sarace¬

638 1497 1052 82 nis Roma. imperium lacerandum obiecit. Vnde

636 1557 1054 81 & Carolus Magnus fuit tunc temporis in Roma¬

638 1610 1052 83 num imperium aſciſcendus in Occidente: & Ni¬

639 1671 1053 83 cephorus in Oriente. Vbi autem inferiores iuriſ¬

639 1734 1047 72 dictiones quales Ducum, Comitum, Baronum,

636 1787 1050 77 Caſtellanorum, ſunt patrimoniales, vt in Gallia,

635 1845 1054 83 illæ à mulieribus haberi & poſsideri poſſunt, meo

639 1903 1057 86 quidem iudicio, quia non ſunt ſumma imperia i¬

636 1963 1054 86 ſtæ dignitates, & officia: ſed tamẽ ab iiſdem mu¬

632 2019 1057 85 lieribus nec poſſunt, nec debent hæ iuriſdictio¬

630 2080 1056 95 nes exerceri: ſed à viris per eas delegatis. Quan¬

1543 2154 142 75 quam.
