1807 2677
620.0 150.0 23.0 65.0 8

791.0 156.0 670.0 70.0 AD I. PAVL. AD TIM.

606.0 217.0 1055.0 74.0 Precatus) blanda & modeſta ad monitio: quæ eo a¬

602.0 278.0 1060.0 78.0 cutius pungit & magis ſeriò, quò maior eſt Pauli

602.0 336.0 1057.0 75.0 in Timotheum authoritas, id eſt, præceptoris &

603.0 397.0 1055.0 75.0 patris in filium, & diſcipulum ius & affectus.

611.0 455.0 1045.0 77.0 Vtrunque autem poteſt Paſtor, Denuntiare vt

602.0 511.0 1051.0 77.0 præfectus & paſtor: & Precari vt frater2 Teſſal.

608.0 574.0 1048.0 72.0 3.V.I2. Nam quam hîc ſibi nõ tribuit, dat Timo¬

600.0 630.0 1056.0 77.0 theo poſtea poteſtatem:nimirum, Denuntiandi

600.0 690.0 1052.0 68.0 & quaſi iubendi. Hîc autem nihil de Papali au¬

599.0 749.0 1051.0 73.0 thoritate & Petri iure agitur in Timotheo E¬

600.0 809.0 1052.0 66.0 pheſo præficiendo, cuius conſenſus in Timotheo

603.0 867.0 1049.0 75.0 vocando non interuenit, neque à Paulo eſt vel

600.0 923.0 543.0 73.0 quæſitus, vel expectatus.

660.0 980.0 990.0 77.0 Annotauit Eraſ. lucidiora eſſe Græca, quàm

599.0 1042.0 1048.0 73.0 Latina, quod verum eſt, & repetendum eſt ali¬

602.0 1100.0 1044.0 77.0 quid ἀπό τοῦ κοινοῦ, ſic Quemadmodum te rogaui,

600.0 1160.0 1047.0 78.0 vt permaneres Epheſi, maneto, vt denunties, & c.

599.0 1213.0 602.0 73.0 Sic enim facilè fluit ſenſus.

652.0 1273.0 994.0 75.0 Proficiſcerer in Macedoniam, Hæc eſt tertia

597.0 1335.0 1049.0 77.0 profectio (quemad modum obſeruauit D.Th. Be¬

594.0 1396.0 1053.0 73.0 za prȩceptor meus) quæ contigiſſe videtur annoà

596.0 1451.0 1050.0 76.0 Pauli cõuerſione 28. & à nato Chriſto 62. Huius

593.0 1511.0 1050.0 75.0 ſit mentio Act. I9. & 2O. Ergo ſcripta eſt hæc E¬

596.0 1569.0 1050.0 81.0 piſtola ante eas, quæ ſunt ad Epheſios, Philippen¬

590.0 1625.0 1051.0 80.0 ſes, Coloſſenſes. Poſt eam tamen vtranque quæ

590.0 1685.0 1051.0 75.0 eſt ad Corinthios, & ad Titum. Poſt vtranque

590.0 1743.0 1056.0 81.0 eam, quæ ad Theſſalonicenſes ſcripta eſt, vt quidã

587.0 1804.0 183.0 78.0 putant.

645.0 1854.0 996.0 83.0 Apparet etiam Paulum habuiſſe Epheſiorum

587.0 1915.0 1054.0 85.0 Eccleſiam commendatiſsimam, cui tam ſollicitè

584.0 1975.0 233.0 78.0 proſpicit.

639.0 2033.0 1004.0 81.0 Ne aliter doceant) Cur hoc timuerit Paulus

575.0 2098.0 1066.0 101.0 ratio ſatis intelligi poteſt ex Apocalyp.2.verſ. 6.

1445.0 2163.0 196.0 85.0 & quòd
