1807 2677
157.0 257.0 1041.0 99.0 ficere omnibus modis debẽt illę Eccleſię,

165.0 337.0 1042.0 85.0 quæ ſummo Dei beneficio idololatriam

159.0 408.0 1048.0 85.0 abiecerunt, verum Dei verbum & vitæ

160.0 472.0 1049.0 87.0 æternæ fundamentum receperunt, & ad¬

159.0 542.0 1048.0 88.0 huc tamen iſta diſciplina carent, vt hoc

162.0 611.0 1042.0 83.0 tam præclarum ornamentum. i. diſcipli¬

160.0 676.0 1044.0 88.0 nam hanc Eccleſiaſticã ( qualis ab Apoſto¬

162.0 746.0 1041.0 83.0 lis præſcripta eſt) ad corpus illud Eccleſię

159.0 822.0 1050.0 77.0 ſuæ adiungant, & addant, vt non modò

160.0 880.0 1049.0 89.0 neruos & oſſa Eccleſiæ habeãt, ſed etiam

163.0 953.0 1044.0 86.0 vt ſanguinem, colorem, venuſtatem, vires

162.0 1021.0 1045.0 86.0 denique Eccleſiæ integras retineant. At¬

163.0 1088.0 1047.0 83.0 tendendum eſt enim diligenter ad illud

163.0 1154.0 1041.0 83.0 Spiritus ſancti dictum rectas faciendas eſſe

168.0 1226.0 1038.0 81.0 vias noſtras, ne quod claudicat tandem pror¬

168.0 1292.0 1041.0 89.0 ſus abducatur à via. Nam ſi quæ neceſſaria

165.0 1362.0 1032.0 86.0 ſunt per incuriam in Dei Eccleſia negli¬

178.0 1433.0 1031.0 83.0 gantur, temporis ſucceſſu illa penitus à

162.0 1499.0 1050.0 87.0 Deo tãdem abalienantur. Quia verò hæc

163.0 1566.0 1044.0 90.0 diſcipli na maximè hac Pauli Epiſtola,

171.0 1637.0 1038.0 88.0 quæ prior eſt ad Timotheum, eſt explica¬

168.0 1710.0 1039.0 80.0 ta, idcirco eam potiſsimum delegi, in cu¬

165.0 1780.0 1045.0 82.0 ius interpretatione meam de toto hoc ar¬

174.0 1851.0 1033.0 80.0 gumento ſententiam breuiter, more meo,

169.0 1914.0 1043.0 83.0 exponerem. Scripſerunt in hanc ipſam

168.0 1978.0 1042.0 86.0 Pauli Epiſtolã varij, tũ veteres, tũ recen¬

169.0 2049.0 1043.0 85.0 tiores interpretes, eruditi illi quidem: ſed

175.0 2113.0 1037.0 135.0 qui ſe in hoe de diſciplinę Eccleſiaſticę ar¬

496.0 190.0 418.0 80.0 EPISTOLA

865.0 2166.0 163.0 111.0 ¶¶.ij.
