1807 2677
469 169 328 76 CAPVT. I.

1115 158 56 109 15

176 236 995 92 Charitas) Et ad Deum, & ad homines referri

118 301 1050 87 poteſt hæc charitas, quia Dei verbum vtrunque

116 358 1048 85 docet & Deum & homines diligere. Nos tamen

116 419 1047 89 de charitate ea, quæ proximum ſpectat, hoc loco

116 474 298 67 intelligemus.

114 529 1040 92 Huic igitur charitati addit, Cor purum, Con¬

111 593 1046 85 ſcientiam bonam, Fidem veram & ſynceram.

113 652 1045 84 Per quæ tria non tantùm vera charitas deſcri¬

116 715 1042 79 pta eſt, ſed etiam fundamentum illius & vſus de¬

111 771 1049 85 monſtratur, ne hanc charitatem, quam finem

110 832 1044 85 præcepti dixit, putemus eſle quiddam otioſum,

108 890 1049 84 & contemplatiuum, vt quidã fingunt. Eſt.n. affe¬

110 948 1042 85 ctus charitas qui in animis noſtris eſt, non vt la¬

108 1009 794 79 teat: ſed vt ſeſe proferat ipſo opere.

163 1064 992 90 Quia igitur charitas eſt animi affectus huiuſ¬

105 1128 1047 76 modi, Duo habeat oportet nempe, Veritatem

102 1183 974 79 & Opus, vt docet Ioann: in 1. Epiſt.3. verſ.18.

156 1241 993 82 Cor purum) habet charitatis veritatem. Itaque

104 1302 1042 87 opponitur cordi ( Impuro, quod ſordida & fœ¬

569 1369 507 75 ditates amat & diligit

474 1423 669 80 ( Ficto ſeu duplici, quod non

99 1475 1044 92 eſt integrum & purum à ſimulatione & hypo¬

99 1539 803 77 criſi tum in Deum, tum in proximos.

147 1594 1004 89 Conſcientia bona) vſum, & opus illius habet.

99 1652 1044 91 Nam & finem actionum noſtrarum regit, & cir¬

96 1713 1046 89 cunſtantias prudenter tractat & perſpicit in agẽ¬

95 1771 1047 88 do. Tunc enim eſt bona conſcientia in nobis cùm

90 1832 1050 85 cor noſtrum nos non condẽnat, ſed coram Deo

90 1885 1050 91 licet atteſtari nos & rectum finem habuiſſe, &

93 1948 1043 90 diligenter omnia, quæ circunſpicienda erant,

90 2006 760 85 perſpexiſſe, quantum in nobis fuit.

141 2073 993 84 Fides autem eſt moderatrix, aut potius regula

87 2128 1049 101 & norma vtriuſque, quæ docet ex Dei verbo nos
