1807 2677
438 150 351 70 CAPVT II.

1107 148 41 78 57

120 211 1044 87 3.Verſ. 16. Secunda, Quod ad vnum & eundem

117 273 1044 77 nos reuocat tota veteris & noui teſtamenti ſcri¬

118 328 1042 83 ptura. Veteris enim Legis cæremoniæ & ſacrifi¬

117 391 1046 78 cia nos ad eundem Chriſtum deducunt, ad quem

116 446 1044 81 etiam Euangelium. Itaque Chriſtus is, qui per

113 505 1044 85 Euangelium prædicatur, dicitur eſſe finis legis.

124 565 1028 78 Tertia, Quemadmodum Deus non habet duos

116 624 1038 76 filios natorales: ita neque duos mediatores con¬

116 678 1051 77 ſtituit, ſed de vno tantùm illa Dei vox eſt, Ille eſt

117 736 1046 86 Filius meus dilectus, in quo mihi complacui

114 804 205 76 Matth.3.

116 852 1045 86 Conſentit cum hoc dogmate, & quidem veriſsi¬

117 913 1047 81 mo Auguſtinus qui lib.2. contra Epiſtolam Par¬

121 972 1042 77 menia. cap. 8. negat plures eſſe mediatores ho¬

118 1032 961 75 minum: ſed vnum tantùm Ieſum Chriſtum.

174 1088 990 82 Similis eſt locus in Epiſtola ad Hebræos cap.

123 1146 1040 85 7.verſ. 26. Non enim potuit quilibet Pontifex a¬

117 1207 1046 85 pud deum munere mediatoris pro nobis & offi¬

114 1267 1044 81 cio fungi: ſed is ſolus, qui pius, innocens, ſegrega¬

114 1325 1049 74 tus à peccatoribus, & ſublimior cœlis factus eſt.

116 1389 603 69 Is autem eſt Chriſtus ſolus.

174 1439 987 79 Obſtare verò multa videntur quæ afferri poſ¬

114 1505 393 75 ſunt. Ac primum.

162 1557 1001 80 Prima ratio, Quod alii pro aliis orare iube¬

113 1621 1050 78 mur. Iac.5. Reſponſio eſt, quòd noſtræ illæ preces

110 1677 1048 82 nõ propter nos gratæ ſunt Deo: ſed vnius Chri¬

108 1735 1050 79 ſti merito & interceſsione. Eatenus enim De o

114 1795 1047 81 placent, quatenus & fidei & mutuæ inter nos

111 1856 1044 78 charitatis ſunt effecta atque fructus, quæ vtraq;

105 1914 388 72 innititur Chriſto.

145 1966 1019 78 2 Moſes & Sacerdotes Leuitici dicuntur fuiſſe

105 2030 1056 77 interceſſores & mediatores inter Deum & po¬

104 2085 1048 107 pulum Exod.32.Reſp. Puerilem eſſe obiectionẽ.
