1807 2677
447 165 338 74 CAPVT II.

1119 174 58 80 49

127 236 1058 82 rent, indicta eſſet. Nullos enim' aut paucos o¬

132 306 1053 65 mnino reges pios fuiſſe contendunt, vel Eccleſiæ

132 364 1050 62 fauentes. Sed eorum argumentis ineptiſſimis &

129 420 1050 70 falſiſſimis reſpondet Auguſtinus in lib. Contra

129 478 623 72 ſecundam Epiſt. Gaudentij.

187 536 993 78 Addit autem rationẽ Paulus, quò & ſuperiorẽ

129 599 1050 65 exhortationẽ, confirmet, & nos ardentiùs inflam¬

127 655 1056 72 met, atq; ſtimulos addat & excitet ad officiũ. Eſt

129 715 1048 71 autẽ ducta hæc ratio ab immenſa quadã vtilitate,

132 774 1048 73 quæ triplex hîc enumeratur, nimirum quòd Ma¬

130 832 1053 73 giſtratuum ope & miniſterio Pax, Pietas, & Ho¬

126 889 1054 74 neſtas inter homines ſtabilitur & conſeruatur.

191 948 989 75 Ac pax quidem ſiue tranquillitas tum publica

129 1008 1048 70 tum priuata, ad quam conſtituendam ordinatus

129 1064 1047 76 eſt à Deo Magiſtratus: atque etiam Dei præce¬

130 1125 1041 72 pto gladiũ gerit, vt docet idem Paulus Rom.13.

136 1183 1037 72 Vtraque verò pax eſt Dei donum, & ſummum

127 1241 1046 75 omninóque neceſſarium humanæ ſocietatis reti¬

129 1299 385 67 nendæ vinculum.

188 1353 988 76 Pietas verò, quæ Dei cultum continet etiam

126 1417 1048 68 ad Magiſtratus politici, nõ tantùm paſtoris curã

126 1479 1048 69 & officium pertinet, quia vtriuſque tabulæ con¬

124 1534 1055 67 ſtitutus eſt cuſtos Magiſtratus. Conuenit autem

126 1597 1050 62 hæc ſententia cum Pſalmo 101. & cum exemplis

123 1649 1054 79 Ioſiæ, Ezechiæ, Theodoſij, Conſtantini Magni &

124 1713 1050 73 aliorum piorum regum, qui cultum Dei depraua¬

127 1771 1044 73 tum ex ipſius verbo reformarunt & reſtituerunt.

127 1830 1046 67 Ex hoc autem loco concludi certiſſimè poteſt e¬

126 1888 1051 72 tiam inquiſitionem de hæreſi, & punitionem e¬

127 1945 1053 73 orum, qui meritò erroris & hæreſis damnati ſunt

127 2004 1044 72 ad Magiſtratum pertinere, quemadmodum etiã

127 2059 1046 79 diſputauit Auguſtinus, quãquam Caſtallioniſtæ

127 2123 1043 84 hoc noſtro ſeculo negant, & farraginẽ omniúm¬

871 2177 104 111 d. j.
