1807 2677
459 171 350 63 CAPVT II.

1110 182 52 70 4I

118 240 1050 72 ſtoris, ſed ſingulorum etiam fidelium ſtudiym.

120 287 1046 83 Preces enim publicas quidam impiiſſimè, etiam

122 354 431 78 hodie contemnunt.

176 403 990 85 Ait autem Paulus, Adhortor, Quæ vox negli¬

118 470 1048 85 gentiam noſtram perſtringit, & arguit. Quan¬

120 526 1048 78 quam enim & Dei ipſius maieſtas, & promiſsio

116 582 1052 76 iuſsióque: item fructus ipſe, quem ex precibus

113 646 1055 72 noſtris vberrimum ſentimus, ſatis nos ad precan¬

113 704 1053 72 dum excitare deberet, ſumus tamen natura no¬

113 756 1051 85 ſtra mirè ad orandum frigidi, & torpentes. Itaq;

113 812 1053 87 exhortãdi & euigilandi ſumus. Chriſtus ipſe nos

116 878 1052 76 ad petendum & precandum adhortatur. Petite

113 930 1060 89 & inuenietis, Matth.7. verſ. 7. Væ igitur ſomnio

122 1006 1035 73 pigritiæque noſtræ &c. Luc. 17

176 1055 995 73 Ut fiant deprecationes) Primum præceptum

113 1117 1060 83 ponit quod eſt, faciendas eſſe preces in Dei cœtu

116 1173 1059 80 cui ſecundum adiungit, nempe pro omnibus: ex

120 1224 1051 92 quibus tertium iam facile colligi poteſt, A quo

118 1291 1055 74 fieri debeant: nempe, à paſtore. Nam agit (vti di¬

113 1342 1055 90 ximus) de publicis precibus. Sed ex hoc ipſo lo¬

113 1403 1055 80 co definiri poteſt, Quid ſit oratio, & quot illius

111 1458 1057 87 ſint genera ſiue ſpecies. Precandus eſt igitur Deus

116 1532 1052 67 quod extra dubium eſt, & concedunt non modo

116 1577 1052 80 Chriſtiani homines: ſed etiam Ethnici & profa¬

113 1632 1055 85 ni, vt & Tertullian. in libro de Teſtim. conſcien¬

113 1695 1055 80 tiæ, & Iuſtinus Martyr in lib. de Monarchia Dei

111 1760 1060 73 copioſè docent: item, Iuuenalis, Perſius, & Hora¬

111 1811 1057 78 tius & alii poëtæ id docent. Homerus, & Virgi¬

111 1880 1055 71 lius, qui ſuos inducunt preces fundentes ad Deũ,

111 1925 1055 91 & eum inuocantes. Nec gens vlla eſt, quæ ſi teſti¬

113 1989 1055 81 monium & vocem propriæ conſcientiæ audiat,

113 2050 939 80 hoc axioma neget eſſe verum, vel refutet.

178 2105 988 110 Vult autem Paulus fieri deprecationes, preces
