1807 2677
506 189 312 69 CAPVT  I.

1148 197 67 63 21

165 251 1050 79 reformandos & reprimendos. Mirum autem hîc

166 313 1046 79 videri poteſt, cur cùm illæ queſtiones, quas dam¬

165 376 1048 67 nat Paulus, ad Legem cæromonialem & politicã

165 435 1048 73 pertineant, tamen de lege morali agat, non autẽ

162 492 1051 71 de cæremoniali aut politica. Reſpon. Quòd illa

165 550 1050 74 parte Legis, quæ eſt moralis, iſtos ſibi aduerſarios

163 608 1044 76 homines magis premi poſſe videt, quia ſe pieta¬

163 667 1046 75 tis & ſanctitatis nomine cõmendabant. Deinde

165 725 1053 78 cùm præcipua Legis diuinæ pars ſit Moralis, reli¬

166 785 1049 77 quæ verò duæ ſint illius quædam appendices tã¬

165 844 1045 72 tùm, de legis Moralis vſu aptè & conuenienter

162 901 1048 76 agit Paulus, ex quo & Cæremonialis & Politicæ

162 963 1051 76 legis vſus quoque pendet & intelligitur. Itaque

163 1020 1047 74 non extra rem reſpondet & arguit Paulus. Simi¬

162 1076 1047 72 lis eſt hodie noſtrorũ aduerſariorũ & Monacho¬

163 1137 1040 69 rum faſtus, & arrogantia. qui cùm toti crimini¬

166 1192 1044 79 bus ſcateant, nihil tamen, niſi Legem Dei, man¬

166 1256 1043 72 data, & ſanctitatem vitæ crepant, vt videantur

163 1313 1047 76 ſancti, & nos oppugnant, quaſi eadem illa ſper¬

162 1374 1047 67 namus & damnemus. Quibus reſpondemus eos

163 1430 1047 76 eſſe pares iſtis hypocritis à Paulo deſcriptis.

163 1488 1047 81 Quod ait Paulus, Legem non eſſe poſitam iu¬

162 1549 1045 73 ſto, ex eius mente facilem ſenſum habet, nempe

165 1609 1047 70 quòd qui ſponte iam parent Legi, & virtutem ſe¬

168 1665 1041 61 quuntur illi nullis loris & habenis vinciri de¬

162 1722 1047 77 beant, nullis aliis præceptis egeant, quibus ad vi¬

162 1781 1045 66 tæ ſanctitatem adducantur: ſed illi tantùm iis e¬

168 1839 1044 72 geant, qui ſunt immorigeri, rebelles, & diſſoluti.

168 1897 1038 76 Hæc ſententia dignitatem & commendationem

166 1957 1041 76 Legis non imminuit, quaſi iuſtis & iis qui Doi

166 2018 1046 76 ſpiritu aguntur ſit vel contraria vel inutilis, ſed

166 2076 1040 74 eos tantùm perſtringit, cum quibus egit Paulus,

171 2137 1041 81 quos facilè quidem docet eſſe tales, quales hic a¬

901 2198 111 72 b.iij.
