1807 2677
504 214 342 67 CAPVT II.

1136 220 56 65 69

154 273 1050 83 crificari Dominus nolebat. Quanquam aliquid

154 337 1049 76 in eo Naamani infir mitati conceſſum eſſe mani¬

151 397 1052 77 feſtò apparet, quòd & ſacrificat, & extra templũ

153 458 1050 72 Dei. Mos autem iſte viſitationum monumento¬

151 516 1050 74 rum Martyrum, & terræ ſanctæ, votiuarúmque

154 575 1047 73 peregrinationum ex ſuperſtitioſa & nimia Mar¬

154 632 1050 75 tyrum veneratione primùm ortus latius poſtea

151 688 1049 77 ſerpſit, & ex errore errorem produxit. Quàm

156 748 1045 72 parum honorificè de Hieruſalem loquatur Chri

153 809 1048 71 ſtus ipſe apparet Matth.23.verſ.37. dum eam ho¬

154 867 1049 72 micidam Prophetarum appellat: & poſt eum

153 923 1048 68 Paulus, dum eam ſeruæ & ancillæ confert. Galat.

153 984 1050 71 4.& ſequens ætas, quæ Apoſtolorum tempori¬

154 1039 1050 71 bus vicina fuit, idẽ ſentiebat, quæ ne monumenta

154 1100 1049 71 quidem martyrum ſæpe norat. Sepultura enim

156 1160 1044 68 eorum contenti, vt de Stephano docemur.Act.

159 1216 1044 73 7, & 8. venerationem iſtam, quæ cum idololatria

154 1274 1046 64 coniuncta eſt, omittebant: imo verò deteſtabã¬

154 1331 1047 72 tur & damnabant. Primùm Helena Conſtantini

156 1392 1042 74 Magni mater mulier ſuperſtitioſo & fœmineo

156 1453 1042 68 quodam zelo commota, terrã, quam vocant, ſan¬

150 1506 1050 77 ctam inuiſit, non ipſius quidem terræ gratia, ſed

154 1567 1043 67 Chriſti cauſa & fidei ſuæ vt veriſimile eſt, ma¬

153 1625 1047 76 gis confirmandæ, quia fidem & ſoam & aliorum

150 1683 1045 74 ipſo aſpectu rerũ & monumentis paſſionis Chri¬

150 1743 1047 72 ſti (quæ à Iudæis Ethnicis, & quibuſdam hæreti¬

151 1802 1049 74 cis negabatur) & quæ ſe dulo illa conquiſiuit, cõ¬

153 1863 1045 70 firmare voluit. Quanquam iam in eo peccatum

154 1918 1047 73 eſt tamen, quòd plus fidei de Domino cruci, cla¬

156 1975 1047 75 uuis, & ſepulchro, quàm ipſi Spiritui ſancto, Apo¬

154 2034 1046 74 ſtoli ſcriptis & Euangeliſtis tribuiſſe videatur.

163 2092 1038 77 Sed poſt orbem Chriſtianum factum ſupplica¬

166 2152 1040 92 runt ſuperſtitioſi ad Martyrum monumenta, ad

892 2214 99 89 e. iij.
