1807 2677
443 176 348 64 CAPVT II.

1106 179 58 69 45

111 230 1054 88 pandens, vt auxilium ab eo impetremus. Id colli¬

114 297 1022 77 gitur ex Tertulliano, & Pſal. 142.verſ.2

121 355 1040 77 QQuotuplex autem ſit oratio quæritur, Reſp.

114 413 1051 79 Eſt duplex, Implorans eáq; pro nobis, vt Bona

114 475 1053 72 det Deus, Mala auertat & auerruncet: vel pro

111 532 1053 76 aliis. Et Agens gratias, Eſt Εὐχαριστία Pſal.22.

165 590 1002 80 Quæ inuocat & petit αἴτησις appelletur nomi¬

111 649 1053 79 ne generali, & oratio ſiue ἀχὴ  Quæ verò pro no¬

113 706 1052 80 bis ipſis poſtulat à Deo bona προς ἀχὴ  dicitur, vt

110 767 1053 77 Pſal 61. Quæ petit vt à nobis auerruncentur & a¬

107 825 716 85 bigantur mala, δένσις vti Pſal. 14o.

175 881 990 81 Quæ pro alijs interpellat & intercedit apud

107 941 1058 82 Deum eſt ἔντάξις, vel μεσιτεία. Hæc tot ſunt ge¬

105 999 1062 85 nera precationum publicarum. Vide tamen Au¬

107 1061 325 78 guſt. Epiſt. 59.

110 1121 1057 76 Cap. 2. Quæritur autem à quo fieri preces

105 1176 1062 79 debeant & poſsint. Reſp. Ab omnibus in vni¬

104 1235 1060 73 uerſum: ſed priuatæ à priuatis. Publicæ verò à

102 1292 1062 74 ſolis iis qui Eccleſiæ præſunt, quales paſtores &

105 1351 1058 81 olim Diaconi. Ac quoad priuatos ſcribit Chryſo¬

105 1409 1056 72 ſtom. iam olim fuiſſe ſolitos Chriſtianos bis in

105 1469 1053 82 die, ſcilicet, mane, & veſperi domi precari, adeò

107 1531 1054 70 vt milites ipſi in caſtris id conſueſſent, & data eſt

102 1588 1059 70 illis à Conſtantino breuis formula & precatio,

104 1647 1057 78 quã mane & veſperi dicerent. Euſebius lib.4. de

105 1705 1053 78 vita Conſtantini. Sed de publicis precibus hîc a¬

114 1772 1016 66 gimus.

132 1817 1028 86 Primùm igitur Paſtores debent precari publi¬

102 1885 1061 75 cé. Ad eos enim hæc res pertinet. Sed etiam ex

104 1939 1059 82 veteri Eccleſiæ diſciplina Diaconi poſſunt &

105 1998 1055 81 Presbyterij etiam ij, qui doctrinam non tractãt.

101 2059 1059 79 Eorum enim muneri preces adiunctas fuiſſe ſcri¬

101 2119 1056 96 ptum eſt, in canon Perlectis 5 ad Diaconũ diſt. 25
