1807 2677
917.0 148.0 433.0 72.0 EPISTOLA.

651.0 215.0 1045.0 91.0 & perſonarum circunſtantia. Eodémque

648.0 291.0 1042.0 79.0 modo reſpõdemus ad alteram illam quo¬

648.0 358.0 1050.0 83.0 rundam petitionẽ, in qua quærũt vtrum

648.0 420.0 1042.0 88.0 Eccleſia à conſtituta ſemel per Apoſtolos

646.0 492.0 1044.0 86.0 diſciplina recedere poſſit, ac vtrum ſit v¬

646.0 562.0 1047.0 81.0 na & eadem diſciplinæ Eccleſiaſticæ in

645.0 632.0 1044.0 75.0 omnibus euangelicis Eccleſiis forma re¬

643.0 694.0 1042.0 83.0 tinenda? Nam ſi de eſſentialibus diſcipli¬

642.0 767.0 1046.0 82.0 næ Eccleſiaſticæ agunt, dicimus illa ab o¬

643.0 838.0 1046.0 78.0 mnibus Eccleſiis æqualiter eadémque eſ¬

643.0 904.0 1046.0 70.0 ſe & ſeruãda & retinenda, veluti vt ſit re¬

645.0 968.0 1044.0 83.0 gimẽ Eccleſiæ nõ Monarchicum, ſed A¬

642.0 1041.0 1047.0 81.0 riſtocraticũ: vt ſit in quaque Eccleſia ſena

642.0 1109.0 1046.0 79.0 tus & cœtus aliquis Presbyterorum ab

639.0 1171.0 1046.0 88.0 Eccleſia electorum, ſine quo nemo vel

642.0 1246.0 1046.0 82.0 Paſtor, vel alius quiſquam negotia Eccle

639.0 1314.0 1044.0 81.0 ſiæ gerat : ſit aliqua ſcelerum & morum

643.0 1384.0 1036.0 74.0 vitioſorum cenſura, eáque non vnius ali¬

639.0 1450.0 1043.0 84.0 cuius arbitratu, ſed ἡγουμένων, & vt ait Hie¬

641.0 1522.0 1041.0 79.0 ro. Presbyterorum, æſtimatione & iudicio

639.0 1589.0 1046.0 78.0 fiat: ſit denique excommunicatio, non ex

642.0 1656.0 1040.0 84.0 quorundam Iuriſcõſultorum & pragma¬

642.0 1726.0 1044.0 80.0 ticorum, ſed ex Dei verbo iudicantium

639.0 1792.0 1046.0 83.0 hominum ſenſu & iudicio, lata in nõ pœ¬

639.0 1862.0 1051.0 77.0 nitentem, approbãte & collecta Eccleſia.

645.0 1927.0 1041.0 83.0 Itaque οὐσίαν diſciplinæ Eccleſiaſticæ in o¬

645.0 2001.0 1043.0 81.0 mnibus Eccleſiis reformatis & Euange¬

654.0 2068.0 1034.0 103.0 licis eandem eſſe oportere ingenuè, & a¬

1546.0 2134.0 146.0 105.0 pertè
