1807 2677
646 157 66 77 44

852 144 702 80 AD I. PAVL. AD TIM.

629 209 1056 86 & apud Socratem Scholaſt. lib, 2. Hiſtor. cap.11.

627 273 1058 82 etiam præſente Epiſcopo, quanquam eodẽ præ¬

627 336 1058 74 ſente ſacramenta adminiſtrare Diaconus non

632 392 1054 82 potuit, vt eſt in cano. Peruenit diſtinct 93.niſi ab

633 459 484 63 Epiſcopo iuſſus eſſet.

663 511 1022 74 Quod autem obiici poteſt de Solomone, qui,

626 566 1062 82 adſtante ſummo ſacrificator, etamẽ preces publi

630 627 1056 73 cas pro populo fudit, vt eſt 1. Regum 8. verſ.14.

635 684 1053 77 nõ obſtat. Hoc enim ſemel tantùm factum eſt, &

633 748 1056 66 quidem extraordinarié. Nam Azarias rex & ſuc¬

629 800 1061 80 ceſſor Solomonis, qui in Sacerdotij munus irrue¬

627 861 1061 80 re voluit à Deo lepra percuſſus eſt, & ſegrex fa¬

626 916 513 76 ctus 2. Reg. 26. verſ.18.

632 978 1063 80 Cap.3. Quæritur pro quibus fieri debeant preces

629 1038 1054 78 Reſp. pro omnibus, id eſt, quouis hominum ge¬

630 1097 1062 70 nere, religione, ſexu, ætate, conditione. Sic enim

633 1154 1063 68 vox πάντες hoc loco ſumitur, vti & poſtea quem¬

632 1209 1063 72 admodum doctiſſimus Beza obſeruauit. Ratio

630 1270 1060 72 eſt, Quòd homines quoſuis pro Dei creaturis, &

632 1328 1061 83 pro proximis noſtris agnoſcero debeamus. Ergo

633 1387 1060 74 omnium vita, ſalus, & conditio nobis curæ de¬

635 1447 1063 78 bet eſſe, nec quiſquam negligendus, quantunuis

642 1511 1057 72 pauper, humilis & abiectus.

645 1563 1051 80 Excipiunt tamen quoſdam Scholaſtici, impri¬

633 1627 1068 74 mis inimicos noſtros, pro quibus non putant ſpe¬

635 1682 1061 78 cialiter orandum eſſe. Communia enim humani¬

636 1741 1057 74 tatis officia tantùm illis tribui oportere: non au¬

633 1799 1063 79 tem hæc tam egregia, quæ ſolis amicis debemus,

638 1859 1061 75 qualis eſt oratio. Durand. in lib.3. Sentent. diſtin.

639 1917 1062 75 3o. quæſt. 1.& Thomas in 2. 2æ quæſt. 25. Quæ

638 1972 1061 72 ſentẽtia quàm ſit falſa docet Chriſtus ipſe Matt.

641 2030 1057 86 5,verſ. 44. Precamini pro ijs, ait, qui vos infeſtãt.

642 2091 1057 89 item docet hîc Paulus qui iubet nos precari pro.

1514 2159 181 76 regibus
