1807 2677
469 190 301 67 CAPVT I.

1116 197 45 72 73

127 251 1044 79 apparet ex Epiſtolis Ambroſij. Demum certæ

126 318 1047 70 cæremoniæ ſunt inſtitutæ, adhibitæ, & verba, &

129 377 1039 70 precationes, quibus ſanctitas ipſis lapidibus in¬

124 435 1043 70 hæreret. Ita repetita & repoſita ſunt in Dei Ec¬

127 493 1037 70 cleſia, quæ profani homines in dedicandis idolijs

123 551 1042 72 ſuis obſeruare conſueuerant, de quibus agitur de

127 612 1037 67 Conſecr. diſtinct.1. Cæterum illa iam dedicata

123 670 1040 73 templa appellarunt auguſto nomine ναοὺς, ἐκκλησιας

120 725 1044 70 ἰερὰ vt apparet ex Epiſtolis Sidonij Apollinaris.

124 789 1037 73 Quorum etiam templorum inter Chriſtianos, vt

121 849 1042 70 inter Iudæos, tres partes conſtituerunt. Nempe

118 904 1036 71 Sanctum ſanctosũ, vbi eſt magnum altare Aʹ'γιον:

117 960 1043 75 & Sanctum ſiue χόρον, vbi eſt chorus Sacerdotum

118 1021 671 73 canentium: Ναὸν, vbi eſt plebs.

172 1082 988 72 Sed quæſitum eſt, verſus quam mundi partem

114 1134 1040 78 & plagam ſit orandum. Reſpond. Siquidem ver¬

116 1195 1039 75 bum Dei, à quo ſolo pendere debemus, ſpecte¬

113 1253 1041 76 mus perinde eſt, neque refert in quam mundi re¬

114 1314 1038 73 gionem conuerſi precemur. Sin autem morem

111 1371 1040 73 Papiſtarum, verſus Orientem orant, & eôdem e¬

107 1432 1041 68 tiam templorum ſuorum capita conuertunt. Ve¬

107 1487 1033 73 tus quidem Eccleſia etiam ſub Conſtantino libe¬

101 1545 1047 71 rior fuit, vt docet Socrates lib. 5. cap.22. Rationẽ

104 1600 1047 77 Papiſtæ afferunt, quòd ad Orientem fuerit ſitus

104 1659 1042 76 paradiſus. Sed ex Ezechiel 8.verſ.16.reſponde¬

101 1720 1048 76 mus damnatos eſſe à Deo, qui verſus Orientem

102 1781 1043 72 quadam religione ducti orarent, nec quia ibi pri¬

99 1844 1043 62 mum paradiſum collocauerat Deus, voluit tem¬

99 1896 1046 70 plum ſoum eò vergere. Vrbs enim Hieruſa¬

96 1955 1047 73 lem verſus meridiem. Templum autem, quod in

98 2012 1042 73 monte Sion erat, ad Septentrionem ſitum fuit,

101 2070 1039 77 vti apparet ex Pſal.48. & Ezechiel.4o. verſ.2. De¬

92 2129 1044 101 pique videntur Papiſtæ veteres Perſas idolola¬
