1807 2677
489 154 302 85 CAPVT I.

1136 178 53 74 33

138 224 1054 83 eſſe Deum Chryſoſtomus autem ad Filium hîc

138 295 1054 72 refert. Reſpond. Si verba ſpectentur, ad Patrem

135 350 1057 81 referri, cui ſuprà quæ ſunt propria diuinitatis tri¬

138 414 1053 70 buerat Paulus: ſi tamen res ipſa definiatur etiam

138 471 1051 74 ad Filium, & Spiritum ſanctum referri, quia pa¬

135 529 1053 67 ris ſunt Filius & Spiritus ſanctus cum Patre di¬

138 590 1050 71 gnitatis: & confirmatur 2 Petri 3. verſ. 18. noſtra

133 645 1052 76 ſententia. Quia verò ſuperio. verſiculo Chriſtum

132 706 1053 73 nobis vti mediatorem, & hominem Paulus pro¬

132 761 1057 79 poſuit, ex more ſuo & ſcripturæ, in Patris perſo¬

130 823 1058 78 na complectitur & reſtringit, quæ ſunt propria

130 880 1056 73 diuinæ naturæ. Eſt verò periculoſa Eraſmi anno¬

132 941 1053 71 tatio ad hunc locum, qui id rarum eſſe in Apo¬

129 996 1057 73 ſtolicis literis ait, vt Dei vocabulum Chriſto &

130 1054 1055 76 Spiritui ſancto tribuatur. Ac ne in ſymbolo qui¬

133 1115 1046 76 dem Apoſtolico, Filium & Spiritum ſanctum

129 1174 1053 78 Dei nomine concedit proponi nobis. In quo to¬

129 1234 1048 73 to cœlo errat. Nam qua ratione Patrem confite¬

130 1292 1046 74 mur eſſe Deum, cùm dicimus Credo in Patrem:

129 1350 1050 74 eâdem etiam Filium agnoſcimus Deum, quia ſic

127 1409 1050 70 enuntiamus, & in Filium: idem de Spiritu ſancto

127 1470 1050 75 & in Spiritum ſanctum, præterquam quod ita

126 1528 1050 70 pronuntiatur prima illa pars Symboli Credo in

126 1585 1048 73 Deum, vt illic diſpunctio adhibeatur Credo in

124 1641 1049 78 Deũ, & ſuſiſtat vox: deinde explicatur quis ſit ille

126 1704 1048 83 Deus, nempe Pater, Filius, & S ſanctus diſtincté.

172 1817 999 89 18 Hoc mandatum commendo tibi, fili

124 1887 1046 89 Timothee, nempe vt ſecundum prægreſſas

123 1954 1045 89 de te prophetias, milites per eas bonam illam

121 2025 250 98 militiam.

175 2107 998 103 Regreſſio eſt ad propoſitũ, & huius Epiſtolæ

914 2187 77 69 c.j.
