1807 2677
446.0 172.0 410.0 70.0 EPISTOLA.

139.0 223.0 1037.0 105.0 piiſque viris ſuaues eſſe velit. T.verò E.

130.0 295.0 1052.0 103.0 Princeps Illuſtriſſ. cui eos animo demiſiſ¬

133.0 367.0 1050.0 105.0 ſimo ac lubentiſſimo dono, dicóque,

124.0 432.0 1065.0 107.0 ſi probabuntur, certè operæ meę rectè col¬

135.0 507.0 1054.0 93.0 locatæ fructum hunc maximum iam ero

129.0 568.0 1063.0 102.0 cõſecutus. Quamobrẽ autẽ hoc, quicquid

132.0 639.0 1063.0 103.0 eſt operæ meæ, T. E. dedicarẽ cùm variæ

114.0 712.0 1080.0 94.0 & multæ ſunt, eęque graues cauſæ, tum

118.0 774.0 1073.0 107.0 hoc imprimis, quòd cũ ſummo Dei Op¬

123.0 843.0 1072.0 105.0 timi Maximi bene ficio, tuáque illa plus

127.0 910.0 1073.0 105.0 heroica virtute & cõſtantia Zelandię &

126.0 981.0 1075.0 104.0 Hollandię, totiúſque illius tractus Eccle¬

142.0 1049.0 1061.0 103.0 ſiæ Dei pace recreentur, nihil vel ad eas,

151.0 1116.0 1055.0 103.0 iam præclarè inſtituendas: vel quę erũt

127.0 1188.0 1074.0 101.0 cõſtitutæ retinendas hac diſputatione ap¬

135.0 1258.0 1068.0 96.0 tius atque vtilius, adeo etiam magis ne¬

133.0 1325.0 1068.0 99.0 ceſſarium eſſe exiſtimem. Quemadmo¬

144.0 1392.0 1062.0 105.0 dum enim Eccleſiaſticæ diſciplinę con¬

142.0 1463.0 1064.0 98.0 temptus, atque prętermiſſio magnas in

135.0 1531.0 1077.0 101.0 Eccleſiam ruinas ſemper induxit:ita dili¬

142.0 1597.0 1074.0 102.0 gens illius obſeruatio & ad Apoſtolicam

139.0 1671.0 1082.0 100.0 normam reuocatio non tantum cęleſtem

147.0 1734.0 1077.0 107.0 ipſam doctrinam ſartam tectam purãque

148.0 1806.0 1080.0 100.0 inter mortales conſeruauit, ſed etiam

156.0 1873.0 1068.0 103.0 mores ipſos hominũ nomen Chriſti pro¬

157.0 1940.0 1072.0 104.0 ffitentium, ſi qua in parte ad vitia delabe¬

162.0 2010.0 1067.0 107.0 bantur ad meliorem frugem conuertit, &

872.0 2065.0 223.0 118.0 ¶¶ iiii
