1807 2677
646 156 90 68 88

843 139 684 82 AD I. PAVL. AD TIM.

641 212 1051 85 herbæ, ſydera & reliquæ omnes creaturæ, quæ

641 272 1044 84 homini ſubiiciuntur ex Dei præcepto Pſal. 8.prę¬

642 336 1043 77 ferendæ tamen homini eſſent contra mentem &

642 391 1044 78 Chriſti, & Pauli. Omnia enim propter hominem

643 447 1042 91 facta ſunt, etiam Sabbatum ipſum: non autem

643 514 573 85 homo propter Sabbatum.

709 621 977 98 14 Et Adam non fuit ſeductus: ſed mu¬

643 696 942 96 lier ſeducta, cauſa tranſgreſsionis fuit.

697 800 983 86 Alterum argumentum à cauſa tum efficiente,

639 864 1044 83 tum incurrente ſumptum. Efficiens igitur cauſa

639 922 1044 81 eſt Dei præceptum & voluntas, quæ eam mulieri

642 975 1038 89 pœnam inflixit. Incurrens autem, tranſgreſsio

642 1042 1044 74 mulieris, propter quam talem pœnam merita eſt

641 1093 1047 86 & huic ſeruituti & ſubiectioni addicta. Æquum

639 1152 1046 83 enim fuit, vt quæ ſeipſam regere non potuit, alte¬

642 1212 1041 81 rius conſilio & imperio regenda ſubiiceretur à

639 1267 1044 84 Deo. Eſt autem ſubiecta viri imperio & po¬

642 1326 1046 83 teſtati, vt eſt Geneſ. 3. Quanquam autem illud

642 1386 1041 81 Moſis propriè pertinet ad virum & mulierem

639 1453 1041 66 coniuges inter ſe: non autem vt quilibet viri in

641 1502 1041 86 quaſlibet mulieres imperium ſibi arripiant:tamẽ

638 1564 1038 79 ex eo intelligitur, in quem gradum viri ſupra mu¬

641 1622 1039 79 lieres euecti ſint à Deo. Propter tranſgreſsionẽ

639 1680 1038 77 autem mulieris facta iam eſt durior & ſeruilior

638 1738 1041 79 mulieris conditio, quæ ad virum tantùm ſuum

638 1795 1041 81 tanquam ad ſuum finem tunc ſpectabat. Sed nũc

635 1854 1042 74 ærumna & iugum additum eſt huic ſeruituti, quæ

636 1912 1040 83 prius erat omnino & liberalis & voluntaria. Nũc

635 1970 1044 80 enim dura eſt, etiam cùm eſt ad virum & maritũ

633 2028 1044 85 proprium. Ex quo ipſo apparet Deum & confir¬

627 2091 1049 102 maſſe priorem ſubiectionem, & eam propter

1441 2162 227 83 peccatum
