1807 2677
458 154 304 72 CAPVT I.

1097 160 60 80 91

114 218 1049 85 uorat, atque ſuſcipit mater, Deo grata eſt, & in

116 284 1047 75 ſua vocatione incedit: ad trimatum autem vſque

117 340 1041 79 lex Ciuilis iubet vt mater ipſa alat liberos ſuos,

116 403 522 72 eóſque præcipuè curet.

166 459 994 71 Sed addit Paulus alias quoque virtutes, quas

111 517 1046 68 eſſe neceſſarias oſtendit, vt mulier Deo placeat,

114 578 1040 71 quarũ aliæ communes illis ſunt etiam cum viris,

110 632 1044 72 nẽpe Fides, & Charitas: aliæ illarum proprię, Sã¬

113 691 1045 70 ctificatio, & Modeſtia. Quę enim virtus nos Deo

110 752 1050 67 commendat eſt fides. Illa enim nos & deducit

110 807 1051 79 ad Chriſtum, & cum eo coniungit. Illa charitatẽ

114 871 1044 74 quoque gignit, extra quam nihil à matribus ipſis

110 926 1047 80 fieri Deo gratum poteſt, quia ſi inuitæ, repugnã¬

113 989 1047 74 tes, & coactæ potius officium faciunt, quàm ex

111 1047 564 68 charitate, diſplicent Deo.

168 1105 984 72 Sanctificatio, quam requirit à mulieribus, nõ

108 1160 1053 74 eſt tantùm generalis omnium vitæ actionum ad

107 1218 1051 77 Dei voluntatem conformatio 1.Theſſ. 4. verſ. 4.

105 1279 1049 75 ſed maximè ſanctimonia quædam corporis, qua

105 1338 1049 73 ſe vxores & mulieres ab omni turpitudine, im¬

107 1393 1044 79 munditia, & laſciuia puras conſeruant, quæ impu¬

107 1453 1047 74 dicitie opponitur: & alio nomine dicitur caſtitas.

104 1511 1045 77 Modeſtia, luxui & ſumptuoſo illi cultui, de quo

104 1573 563 79 ſuperius dixit, opponitur.

446 1802 349 73 CAP. III.

312 1864 836 96 IDVS eſt hic ſermo, Si quis Epi¬

314 1940 834 103 ſcopatum apperit, præclarum opus

312 2012 274 98 deſiderat.

162 2092 989 98 Tranſitio eſt. Poſt quam enim de paſtorum of¬
