1807 2677
645 130 79 75 90

840 129 685 77 AD I. PAVL. AD TIM.

636 203 1043 78 pergẽdum & progrediendũ. In quo peccant Pa¬

635 263 1044 77 piſtæ & Pelagiani, omnéſque Operiſtæ, & quidẽ

635 325 1045 72 grauiter, qui ſalutis noſtræ cauſas in noſtris ope¬

629 380 1051 78 ribus quærunt & conſtituunt. Quid enim de vi¬

632 440 1045 76 duis, quæ nullos liberos vnquam ſuſceperunt: de

633 498 1043 77 virginibus, & iis etiam quæ cùm ſint coniuges,

627 557 1047 73 nullos liberos tamen pepererunt, futurum eſſet

636 620 1037 67 (vt rectè hoc loco Chryſoſtom. animaduertit) ſi

627 672 1049 76 ſalus mulierum ἑκ τεκνογονίας tota pendet? Certè

629 731 1047 75 ſaluæ non fierent. Sed & Thomas Aquinas hîc

627 792 1043 73 delirat, dum laudes virginitatis & celibatus cum

626 846 1045 73 hoc Pauli dicto conciliare, & placare nititur,

627 905 1043 79 quod cum illis apertè & perpiſcuè pugnat. Ergo

623 966 1045 69 hîc vocatio & munus mulierum deſcribitur etiã

624 1023 1047 76 in eo ipſo, in quo pœnam ſui peccati ſentiunt. Eſt

621 1081 1043 77 autem, vt liberos non tantùm ſuſcipiant & gig¬

620 1143 1050 70 nant: ſed vt educent, curent, & onera illa primæ

621 1203 1050 67 liberorum nutricationi, scertè quidem moleſtiſ¬

618 1258 1052 74 ſima, lubentes volentéſque deuorent & ſuſcipiãt.

629 1319 1042 70 Tεκνογονίας enim hoc loco non tantùm parturitio¬

618 1374 1055 81 nem ipſam mulierum ſignificat: ſed quicquid illi

618 1439 1053 70 adiunctum eſt, & imminet iuſtæ matrum curæ, vt

618 1493 1052 74 liberi editi educãtur. Vnde merito matres puer¬

620 1554 1053 73 peræ damnantur, quæ filios, ſi poſſunt, ſuos non

617 1612 1051 73 alunt, de quo Plutarchus in lib. de Liberorum E¬

620 1668 1051 76 ducatio. & dictum Gregorij in canon. Ad eius

618 1728 1053 76 diſtinct.5. Mille quidẽ ſunt tædia, quæ contra Io¬

618 1789 1050 67 uinia. enumerat Hieronym.tam minutim, vt ipſe

618 1845 1055 76 puerpera fuiſſe aliquando videatur, qui tamen

621 1905 1046 71 perpetuo vixit celebs. Mille etiam dolores & mo¬

621 1961 1053 75 leſtiæ nõ tantùm leuiter deguſtandæ: ſed diutiſſi¬

620 2025 1048 70 mè deuorandæ, tum in partu, tum poſt partum.

624 2082 1046 89 Quæ tamen omnia ſi libenti & grato animo de¬

1522 2149 149 75 uorat,
