1000 1549
113 126 595 53 RHOM. IO. OECODS AVTHORE.

100 171 626 60 munis deus non ſit etiam Rhomanorum deus, uel

100 214 628 63 ipſius duntaxat, ſed quod ſe declaret addictũ deo.

101 257 621 59 Mancipia uentris, uel aſſeclæ deliciarum mundi nõ

104 299 620 63 poſſunt deum dicere deum ſuum, quem pro deo non

104 357 104 43 colunt.

197 397 339 65 Per Ieſum Chriſtum.

135 458 599 63 Etiam gratias agere pro alijs, Chriſti donum eſt.

110 506 618 55 Nam id toto corde facere magnæ charitatis opus

111 546 618 58 fuerit. Multi ore gratias agunt, quorum cor ſi ſcru¬

110 592 449 55 tareris, non abſq; inuidia inuenires.

221 654 365 53 Super omnibus uobis,

152 699 578 61 Spiritualis perſonarum reſpectum non habet,

117 745 578 59 deum laudat, in quibuſcunq; donum dei uidet.

246 802 279 60 Quia fides ueſtra

152 859 586 60 Fides illa, non dicitur perfecta euangelicæ ueri¬

122 905 618 57 tatis cognitio. Nam alioqui, quid opus erat ad illos

122 945 618 60 ſeribere: ſed erat inſignis in deum fiducía, cum ali¬

123 986 620 62 quanta notitia Chriſti, per quam à faſtu mundi ſe

120 1030 622 56 auertebant, & propter Chriſtum periclitabantur.

121 1068 624 61 Vnde conſectaneum, quod hi, qui illuſtrantur fi¬

124 1112 603 57 de, non ita illuſtrantur, ut nullo doctore opus habe¬

126 1152 620 59 ant, ſicut docebit caput proximum, & ad Philip.

127 1195 619 68 3.dicitur, quotquot perfecti ſumus, hæc ſentiamus,

724 111 22 61 5
