1000 1376
83 135 632 44 die ipſo reſurrectionis, & octavo quoque die uſque dum in cælos

83 163 630 39 aſcendit, apparuit diſcipulis, & in conventum eorum venit, idem¬

84 188 628 41 que conſtante Apoſtolorum & diſcipulorum obſervatione factam

84 213 629 40 eſt, & Eccleſiæ Chriſti: cui ex inſtituto & exemplo ipſius Apoſtoli

85 238 627 40 tradiderunt diei dominici obſervationem: Quod oprimè expoſue¬

85 264 627 38 runt Cyrillus libio 12 in Johan. capite 58. Aoguſtinus ad Caſulanum

84 287 628 40 Epiſt. 86, & ad Jmuarium Epiſtola 119, capite 13. Et ideò Chryſoſto¬

84 314 630 39 mus ſermone 5 de reſorrectione hunc diem jam olim in priſca Ec¬

84 338 628 40 cleſia vocatum fuiſſe ſcribit tribus nomimibus, diem dominicum,

85 363 629 39 diem panis, & diem lucis: Dominicum puta, quia eo die, qui ſolennis

85 388 628 37 etat memoriæ reſustectionis Chriſti, attendebatur ad verbum &

86 414 628 39 cultum ipſius: Diem panis & lucis, quia eodem die in Eccleſiis ſa¬

85 438 629 37 cramenta adminiſtrabantur. Nam dies panis eò dicobatur, quòd ad¬

86 464 630 37 miniſtratio eſſet Cœnæ: Dies lucis, quòd Baptiſmi adminiſtratio in

87 490 627 35 eo obſervaretur. Nam Baptiſmum veteres φώλισμὸν appellaverunt,

87 513 628 38 diémque Baptiſmi diem τῶν φὡτων, id eſt, luminariom: & Baptizati

87 538 629 36 νεοφὡλιστοι dicebantur: ex quo factum eſt ut in Græca Eccleſia, uſque

88 564 628 36 dum Conſtantinopolis à Turcis occupata eſt, officium unum fuerit

87 591 630 38 Eccleſiaſticum τοῦ ὄπι τῶν φώτων, id eſt, ejus qui audita Catechume¬

88 613 637 40 norum fide eos ſiſteret Baptizandos, ut noſter Curopalates expli¬

89 642 627 36 cat. Quamobrem cùm dies dominicus, Chriſti facto, exemplo, in¬

89 665 626 35 ſtitutóque Apoſtolorum & Eccleſiæ veteris obſervatione conſtan¬

87 690 630 36 tiſsima, & Scriptura teſte fuerit obſervatus & ſubditus in locum

90 713 628 35 ſabbathi Judaici: ineptè faciunt, qui obſervationem diei dominici

90 739 627 37 ex traditione, non ex Scriptura ſacra in Eccleſia perdurare aſſerunt,

91 764 625 41 ut hominum traditiones his adminiculis (ſi Deo placet) ſtatumi¬

91 799 60 29 nent.

118 811 575 44 ❧ 3 Hæ generationes cæli & terræ, quando ereata ſunt: qua die fe¬

153 843 306 32 cit Jehova Deus terram & cælum:

122 865 569 38 4 Et omne virgultum agri (nondum fuiſſet futurum in terra) &

149 890 545 36 omnem herbam agri (nondum fuiſſet eſſloritura) quum non im

156 914 538 38 mifiſſet pluviam Jehova Deus ſuper terram, & homo nullus fuiſ¬

153 941 197 35 ſet qui coleret terram :

128 960 566 42 Aut vapor aſcendens è terra, qui irrigaret univerſam ſuperſi¬

154 993 105 29 ciem terræ.

119 1009 603 39 Hæc demum concluſio eſt antecedentis natrationis de illo ſe¬

99 1037 623 37 ptiduo, quam ante ex Moſe audivimus. Hujus verò Concluſionis

97 1061 625 39 hæc forma eſt, quòd primùm generatim totum argumentum ante¬

97 1087 627 38 cedentis Narrationis complectitur: Secundò ſpeciatim ſummas

98 1112 625 45 pattes diſtribuit, in quas Deus ſuumo creationis opus ordinavit. Ac

256 109 297 35 IN GENES. CAP. II.

694 123 22 29 49

597 1138 30 36 G

665 1135 58 41 prim
