1505 2180
592 141 87 67 254

772 110 549 86 AD I. PAVL. AD TIM.

636 178 823 79 Verè vidua) Quænam autem illa ſit vera vidua

592 236 867 71 poſtea docet paulus inſ. verſ.5. eſt autem quæ Pia

590 287 865 61 eſt, & Deſtituta omni alia ope. Vnde illa Hieron.

590 330 869 76 definitio, quæ eſt in illius quadam epiſtola ad Fa¬

592 377 863 66 biolam non ſatis huic loco conuenit, vbi de offi¬

592 430 867 64 cio paſtoris euangelici agitur. Vidua eſt, ait, cuius

592 481 865 60 maritus mortuus eſt. Primum enim de piis tã¬

592 526 867 66 tùm viduis hic locus intelligitur, non de omni¬

592 574 867 74 bus: deinde propriè quod ad ſubſidium dandum

592 624 867 68 ſpectat, de iis tantùm intelligitur, quæ deſtituun¬

590 677 867 69 tur omni alio auxilio & ope: non de omnibus e¬

594 726 347 73 genis, etiam viduis.

652 824 809 75 4 Quòd ſiqua vidua liberos aut nepo¬

590 875 871 78 tes habet, diſcant in primis in propriam do¬

590 930 869 78 mum pietatem exercere, & vicem rependere

594 990 865 87 parentibus. hoc enim eſt honestum & acce¬

594 1062 362 64 ptum coram Deo.

639 1144 827 69 Παρακολήθησις , ſiue Τάξις. Proſpicit enim viduis

594 1197 867 63 & docet à quibus illæ ſint alendæ. Nempe à pro¬

596 1246 867 74 prijs liberis, id eſt, filijs, nepotibus, abnepotibus

594 1297 871 67 in infinitum, ſi quos tamen illa habet, qui id

592 1347 871 70 facere poſſint. Videtur autẽ in genere ipſo dicẽ¬

596 1391 870 75 di Paulus alludere ad cap.21. Geneſ verſ. 23. vbi

598 1444 468 65 vidua ſic deſcribi videtur.

650 1486 816 67 Vox igitur Μανθανέτωσαν ad liberos viduarum

596 1538 869 71 pertinet. Æqua ſanè ratio, vt etiam hoc loco ne¬

596 1589 870 67 potes, & in infinitum alij, liberorum nomine cõ¬

598 1638 870 67 prehendantur, quia ab auia tanquam à propria

596 1685 870 68 ſtirpe ſuam originem habent, & vt ſint. Itaque

596 1734 870 91 eos, vti authores, poſt Deum gencris vitæ que ſuæ

1346 1791 124 65 debent
