1505 2180
438 174 250 54 CAPVT I.

977 178 20 61 3

127 223 870 60 hominum: in quo eſt commendatio muneris. Ni¬

127 274 870 67 hil enim niſi apprimè ſalutare habet legatio &

127 328 870 53 munus huiuſmodi & à Chriſto demandarum &

127 370 872 67 Dei ipſius ordinatione ſiue decreto. In quo ineſt

129 421 870 58 confirmatio huius muneris. In hac autem ſtatim

132 475 867 59 epigraphỹ apparet tum ſummum amoris Pauli

129 526 870 51 erga Timotheum & luculentiſſimum teſtimo¬

127 568 872 55 niũ: tum illius muneris & Apoſtolatus firmamen¬

127 615 870 60 tum maximum. Quod non ipſius quidem Timo¬

127 664 870 60 thei gratiâ fit, ſed aliorum, quos admoniturus e¬

125 715 872 64 rat Timotheus, nec quidẽ tàm ſuo, quàm Pau¬

127 772 869 61 li nomine & authoritate. Itaque hanc authorita¬

127 815 870 62 tem aſſertam prius confirmatámque eſſe opor¬

127 861 872 58 tuit. Deinde ipſius quoque Timothei & confir¬

127 911 867 64 mandi & commendandi apud Eccleſiam cauſâ,

129 959 867 56 qui à Paulo miſſus erat, hoc additum eſt, quò

125 1000 871 68 iuſtior ipſius vocatio appareat, Pauli vocatione

127 1053 869 62 ſemel ſtabilita, etſi de ea Epheſij incerti eſſe non

129 1104 867 65 potuerunt, inter quos vixit per biennium Paulus.

127 1155 869 60 Nihil autem hoc loco fit à Paulo oſtentationis

127 1202 867 60 & iactantiæ animo, ſed quòd muneris autho¬

125 1249 872 64 ritatem defendi aduerſus quorundam impoſtorũ

129 1302 867 67 calumnias oportuit, vidítque pro temporis cir¬

127 1351 869 55 cunſtantia eſſe neceſſe. Cæterum docet hic lo¬

127 1398 869 68 cus à quo mitti de beamus & vocari,nẽpe à Deo.

127 1447 869 64 Nemo enim vſurpat ſibi honorem Hebr. 5.v.4.

130 1496 866 59 etſi non omnes extraordinariè (vti Paulus) vo¬

127 1545 143 59 cantur.

179 1584 817 76 Finem autem, & cauſſam tanti Dei beneficij

132 1645 864 57 erga homines oſtendit, dum appellat Deum ſer¬

127 1693 870 67 uatorem. Quia enim Deusnos ſeruare vult, etiã

129 1740 870 67 mittir ad nos, qui ipſius Euangelium & volun¬

125 1785 871 93 tatem annuntient. Pſal.74. Luc i5 verſ.5a. id eſt,

741 1843 87 69 a. ij.
