1505 2180
539 127 86 72 466

732 114 563 80 AD I. PAVL. AD TIM.

543 176 872 81 derit, Bonam confeſſionem iam confeſſus es coram

541 227 871 76 multis, ait, Ergo eò turpius eſt tibi referre pedẽ,

543 279 867 77 qui iam tam ſtrenuè Chriſto militaſti. Hæc con¬

547 325 863 72 feſſio, quæ facta dicitur à Timotheo, fuit ſu¬

543 372 867 76 ſceptum ab eo Euangelij miniſterium quod iam

550 421 862 71 egregiè adminiſtrarat. Alij tamen ad Baptiſmũ

552 475 856 68 Timothei referunt. Alij quærunt, vtrùm ali¬

550 517 860 78 quid paſſus ſit in corpore ſuo pro Chriſto Ti¬

547 566 865 75 motheus, vti Sylas & Paulus Acto.16 Sed de Ti¬

547 615 867 75 motheo nihil quicquam ſimile legimus : tantùm

547 670 865 78 Hebr. cap. I3. verſ.25. apparet Timotheum pro

547 717 867 73 nomine Chriſti vinctum fuiſſe. Denique ſumma

547 763 863 70 fuit laus Timothei in Dei eccleſia, adeò vt di¬

548 813 866 78 ſputetur, vtrum ille ſit, quem Paulus in 2. Cor.

548 868 867 69 8. verſ. 18.19. fratrem appellat, & cuius magnam

545 915 729 71 eſſe in omnibus Eccleſijs laudem ſcribit.

598 988 821 87 13 Denuntio tibi coram Deo, qui viuifi¬

548 1046 867 80 cat omnia, & Ieſu Chriſto, qui testatam fe¬

550 1104 864 84 cit coram Pontio Pilato bonam illam profeſ¬

547 1173 169 76 ſionem.

598 1237 823 71 Παράκλησις eſt cum ſuperioris doctrinæ confir¬

548 1295 871 60 matione coniũcta, quam vtranque cum grauiſſi¬

548 1344 869 56 ma obteſtatione proponit hoc loco Paulus. Nam

550 1387 867 69 & ſuperiora præcepta hac quaſi nota fuerunt ob¬

550 1435 869 63 ſignanda, ne quis humana potius, quàm diuina:

550 1486 871 59 & Pauli, non autem Spiritus ſancti vocem eſſe

550 1533 871 62 exiſtimaret: & fuit in opere & miniſterio iniũcto

550 1582 869 69 & demandato Timotheus propter muneris i¬

550 1629 871 71 pſius difficultatem, confirmandus. Apparet autẽ

548 1682 873 63 quàm ſit vtrunque neceſſarium. Ac primúm qui¬

548 1727 871 75 dem, quòd etiamnon hodie quidam contentioſè

1197 1774 224 80 contendunt
