1000 1601
118 70 541 53 IN I. EPIST. AD TIMOTH.

696 69 24 54 5

66 116 657 57 quas denium ſolent inferre animi cõceptio¬

70 170 82 44 nem.

102 195 629 55 Tribus partibus conſtat hæc ſalutatio, vt

71 238 666 55 etiam in ſuper ioribus epiſtolis. Primùm de

70 277 671 55 ſe loquitur. Deinde, Timotheum ornat debi

69 325 669 48 ta ſua laude. Tertiò, comprecatur eidem Do¬

70 361 675 57 mini dona, ſine quibus, munus iniunctum fe¬

74 403 674 56 liciter non poterat exequi. Primum ad per¬

75 445 677 55 ſonam ſcribentis, alterum ad perſonam cui

74 489 676 55 ſcribitur, tertium ad comprecationem per¬

74 538 94 41 tinet.

126 562 632 68 Verſ.1. Paulus Aooſtolus Ieſu Chriſti ſe¬

77 616 681 60 cundunn mandatum Dei ſaluatoris noſtri,

80 663 525 64 & Domini Ieſua Chriſti ſpei noſtræ.

119 707 643 59 De ſe primùm loquitur pro more epiſto¬

76 752 686 54 lari, ſecundum quem nomen ſcribentis pri¬

75 791 688 56 mo exprimendum erat, ídque adeò conſtari¬

80 836 685 53 ter ſexruatum eſt, vt inſimi quoque maximnis

84 873 681 58 Regibus & Imperatoribus ſcribentes, ſua no¬

81 917 687 54 inina Regum titulis præponerent: donec

83 956 686 59 præ poſtera illa adulatio regnare in Eccle ſia

83 997 685 57 Chriſti cœpit, & hypocriſis ſeſe extulit in lo

88 1037 682 59 cum Dei, hinc quæſita eſt gloria & ſplendo¬

88 1084 680 55 risdignitas in nominum prærogatiua, de qua

92 1122 675 57 alibi:nunc ad rem. Apoſtolus ſe cominendat

97 1162 670 59 titulis muneris ſui diuinitus accepti, nõ quòd

100 1203 666 57 de vocatione ſua dubitaret Timotheus, ſed

99 1247 666 55 vt rebus maior accederet dig nit as. Deinde

94 1285 669 67 quòd vbique in omnibus ſuis epiſtolis hoc
