1128 1876
71 92 690 83 M. BVCERI COMMENTARIVS.

21 171 847 69 ſtum, malolegere: Qua propoſuerat &c· ſcilicet ſingu

18 229 848 58 lari dignatione ſua, inſtaurare tandem ac uelut in unum

17 276 846 60 redacta ſummare, & ad perfectionem omnia adducere¬

20 325 846 64 Si quis tamen hæc legere uelit, tanquam diſſeparatam à

21 375 837 67 prioribus ſententiam, quaſiq́; ωροασπόδοσιμ prioris,

17 425 846 62 ac ſi interiectum eſſet, γαφ, uel δὲ in hunc modum. Pro¬

18 473 848 67 poſuerat enim in ipſo, is haud quaquam abſurde, meo qui

15 522 847 59 dem iudicio, lectionemordinauerit·Vtcunque autem hæc

17 572 845 64 habcant, omnino mihiuidetur, illud ἀνακεφαλαιώ¬

15 623 843 64 σαοθς , id est, recapitulare, inſtaurare, uel ſummatim per

17 676 846 60 ficere, cum hoc, ωροέθετο construẽdum, quod nimirum

17 722 843 67 Paulus uoluerit ſignificare Deum propoſuiſſe per Chri¬

15 775 843 58 ctum inſtaurare ſummatim omnia-Sic enim ordo uerbo¬

17 823 843 64 rum Pauliuidetur exigere· Pro illo autem ἔμ ἀυτῷ Era

17 873 848 65 mus legit ἐν ἁυτῷ, eoq; uertit, in ſeipſo. Cum autem in

15 925 845 61 excmplaribus Græcis quæ quidem nos habemus, non le¬

15 972 845 67 gamus ἔμ ἀυτῷ , ſed ἀυτῷ, malui uulgata exemplaria

18 1023 839 65 ſequendo, reddere per illum, nempe Chriſtum, quod per¬

12 1070 840 64 inde eſt, atq; in illo, uelin eo, ut Hierouymus legit· Aduer

14 1122 841 58 bum igitur legitur e Græcohæc ſectiuncula, ad hunc mo¬

14 1170 837 68 dum. Propoſuerat in illo, in diſpenſationem plenitudinis

14 1224 840 61 temporum, recapitulare omma in Christo, & quæ in cæ¬

14 1272 840 66 lis, & quæ in terra in illo· Quibus uerbis cum non dubi¬

12 1321 840 67 tcm Paulumuoluiße dicerc: Propoſuiſſe Deum, utique ex

14 1369 840 67 ſingulari dignatione ſua, id eſt, κατα τήμἐυδοκίαμ

14 1422 838 63 ἀυτοῦ, ut dum iuxta diſpenſationcm ſuam, plenitudotem

15 1471 837 86 porum, hoc eſt, prædefinitũ ad hoc tempus adueniſſet, cun

819 123 47 52 38

721 1522 120 75 cta per
