1505 2180
419 176 315 45 EPISTOLA.

143 219 854 69 quitur, ἀσχημόνως η κτ τάξιν fieri oportet:

141 281 856 67 nihil autein confuſè, & pertubatè, ne ex

139 330 857 69 iſta domus turpitudine ad ipſum patrem

139.0 385.0 855.0 69.0 familiâs, id eſt, ad Deum Optimũ Maxi¬

138.0 448.0 852.0 66.0 mum aliqua labes quodammodo redun¬

136.0 499.0 858.0 75.0 det. Itaque ipſe eâdem benignitate qua

136.0 555.0 858.0 73.0 in ſacratiſsimo ſuo verbo omnia, quæ

138.0 614.0 858.0 72.0 ſunt ad ſalutem æternam, ipſitſque Eccle

136.0 668.0 852.0 75.0 ſiæ ſuæ fundamentũ neceſſaria, præſcrip¬

136.0 726.0 860.0 76.0 ſit: it a etiam quæ ſunt ad eiuſdem Eccle¬

130.0 781.0 867.0 76.0 ſiæ ordinem, & ornamentum vtilia, de¬

132.0 839.0 864.0 74.0 mõſtrauit, nequa deeſſet pars ad veræ Ec

132.0 895.0 862.0 76.0 cleſiæ conſtitutionem neceſſaria, quam

136.0 957.0 856.0 62.0 non ab ipſius ore & verbo abundè diſce¬

138.0 1011.0 854.0 77.0 remus. Vt verò hæ præceptiones, quæ

134.0 1066.0 858.0 73.0 Eccleſiæ neceſſarium ordinem cõtinent

134.0 1126.0 854.0 73.0 etiam nomine ipſo ab ijs diſtingueren¬

130.0 1180.0 855.0 69.0 tur, quæ doctrinam fidei complectuntur,

134.0 1237.0 852.0 76.0 generaliter diſciplinæ Eccleſiaſticæ vo¬

134.0 1297.0 854.0 70.0 cabulo vulgo ſunt appellatæ. Quemad¬

130.0 1355.0 862.0 71.0 modum enim ea verbi Dei pars, & ea ve¬

130.0 1407.0 858.0 75.0 ritatis cognitio, quæ quid de Deo Patre,

136.0 1466.0 860.0 65.0 de Chriſto, eiúſque naturis & officio, de

139.0 1522.0 851.0 69.0 Spiritu Sancto, de cauſis noſtræ iuſtifica¬

139.0 1580.0 857.0 76.0 tionis, de vita æterna, nobis credendum

138.0 1635.0 856.0 72.0 ſit, oſtẽdit oſſa & neruos, ipſámque adeò

139.0 1691.0 855.0 78.0 veræ Eccleſiæ, tanquam corporis ο σίαν,

138 1756 854 84 & conſtitutionem continet & ædificat

736 1816 142 76 ¶ iij.
