1128 1876
92 125 693 54 M. BVCERI COMMENTARIVS.

89 181 787 72 Porrò ſpes & fidutia in Chriſtum collocata, ea demũ

37 234 835 70 eſt, qua nos d. electionem ſentimus, & bonitatis eius erga

39 290 833 58 nos gustum aliquem percipimus · Hac enim certiſumus,

37 337 835 60 nos olim omnibus malis liberandos, & bonis uniuerſis cu

37 386 835 67 mulandos · Hac fidutia uiuunt hic iuſti, quæ in nobis ſimul

40 436 832 61 atq; per ſprritum ſanctum, ipſum ſaluatorem noſtrũ eſſe,

40 486 836 68 perſuaſi ſumus, gignitur · Vnde Paulus ſubiungit, in quẽ

39 537 835 58 & ueſtram cellocaſtis, poſtquam ſcrmonem uerũ, Euan

40 586 834 65 gelion ſalutis ueſtræ, audiuiſtis· Vtiq; non auribus carnis

39 636 835 65 tantum, ſed & mentis illuſtratæ ſpiritu Dei· Vnde agno¬

40 687 834 66 ſcentes uerum Euangelij ſermonem, non potuerunt non

42 736 832 59 omnemin Dominum ſpem collocare, quem Euangelion

42 794 832 62 ſaluatorem ſuorum tam magnifice, nec minus certo præ¬

39 836 101 66 dicat·

92 881 780 74 Hinc uideas, quam malo ſpiritu agantur, qui publicũ

40 936 832 67 externæ prædicationis Euangelij uſum cupiunt ſubmo¬

40 984 832 72 tum Epheſij ea audita, crediderunt in Chriſtum, ita fere

42 1033 830 66 ad illum perducũtur electiuniuerſi, quamlibet incremen

43 1083 829 66 tum omne ſpiritus Dei ſit · Qui igitur recte ſentiunt, præ

43 1138 829 59 dicatores Euangelij, cooperarios Dei confitentur, non

45 1185 827 67 quidem, qui ſuis uerbis, ceu uehiculo ſpiritum auditori¬

45 1235 829 70 bus adferant, quod quidam ſibi fingunt, ſed quos tamen

46 1286 834 63 Deus, quo arctior inter electos amicitia conſtaret, ſuam

46 1333 834 70 uoluit operam ſimul adhibere, ſine ſuo ſpiritu ineffica¬

46 1383 834 64 cemillam quidem, attamen dum ipſi ita uiſum est, & ad

48 1436 832 71 alendam ſanctorum inter dilectionem facit, nequaquam

50 1486 535 72 ſuperuacancam, aut contemnendam·

832 136 39 40 37

899 878 150 64 Qui publi

899 933 150 58 cum uerbi

899 984 152 58 uſum uo¬

899 1030 149 65 lũt ſubuer

899 1086 149 58 tere, malo

899 1131 99 66 ſpiritu

899 1185 91 68 agunt·

783 1538 102 78 Nota

617 1532 22 71 E

668 1538 31 59 5
