1128 1876
330 125 729 65 IN EPISTOLAM AD EPHESIOS

259 187 829 66 gnitudo uirtutis Dei, qua ad eam uindicantur· Adeo ni¬

256 240 828 67 hil horum cogitare potest cor humanum, omnia ſunt ſpi¬

258 290 389 57 ritus & reuelationis Dei·

308 340 777 63 Diligenter uero animaduertendum, quæ charißimis

253 387 829 66 ſibi Epheſijs Paulus quo nemo bonorum certior æſtima¬

256 439 826 64 tor fuerit, potiß· precetur, indubie quæ agnouit omnium

255 492 821 64 optima Nihil igitur conferendũ, iuſtæ cognitioni Chriſti,

255 537 824 64 & agnitioni bencuolentiæ Dei, quæ in eo nobis exhibita

255 584 818 72 eſt, quod in filios illi & hæredes cooptati ſumus iſta utiq;

255 637 824 63 recte pernouiſſe efficit, ut tanquã ſtercora præ eis omnia

256 690 818 63 mundi contemnamus, totiq; ad imitationem Dei, per ab¬

251 739 823 62 ſolutißimam in omnes beneficentiam, rapiamur. Quæ de

255 797 819 61 niq; qui tenuiter pernouerit, in eo & reliqua pietatis o¬

255 850 280 53 mnia ieiuna erunt.

286 884 785 68 Vnde aperto apertius eſt, eos ab omni ratione pietatis

255 936 810 66 alienos adhuc eſſe, quibus quamlibet copioſa Euangelij

256 989 814 64 prædicatio, non dico nimia, ſed uel ſatis eſſe uidetur·

255 1042 813 61 Omniautiq; mala & perdita in nobis erunt, donec Dei

247 1091 823 59 amore cor arſerit, hoc uero igni quis demum ardeat,

244 1138 829 72 ſi D E I erga ſe bonitatem, non dum ſatis cognitam

248 1189 132 60 habeat?

251 1238 815 64 Notandum ſimul, cum multi de multa ſapientia, &

250 1289 815 60 reuelatione glorientur, quæ ſit uere optanda ſapiẽtia &

250 1336 821 69 reuelatio, nimirũ qua cognoſcitur Chriſtus, qua quãta ſit

245 1386 826 64 hæreditas nobis promiſſa, agnoſcitur, hinc ſolũ rectũ de

242 1438 824 64 rebus cunctis iuditium, & animus honeſti amans pro¬

239 1485 834 86 uenit Adhunc lydium lapidem exigantur, quæ ſubinde à

943 1536 119 82 pleriſq;

82 464 154 73 Nihil opta

79 531 157 64 bilius co¬

81 584 155 58 gnitione

84 634 125 61 gratiæ

81 683 89 68 Dei·

81 884 141 60 Gratia

78 928 153 69 Dei nimiũ

79 986 152 62 prædicari

76 1033 155 76 nõ poteſt·

82 1241 155 62 Quæ re¬

79 1291 158 59 uelationes

78 1341 159 72 probæ·
