1128 1876
100 140 694 71 M. BVCERI COMMENTARIVS.

226 198 476 67 CAPVT SECVNDVM.

175 315 580 68 Et uos cum mortui eratis

378 368 189 82 delictis.

154 459 728 66 Tagnoſcerent Epheſij, quid ex uocatione ſua ſibi

154 498 728 77 fperandum eſſet, quantaq́; per Chriſtum gratia

154 553 726 61 contigiſſet, monet eos Apoſtolus, cum peccatis mor

51 601 831 69 tui fuiſſent, & hinc à familia Dei alieni, ex mera gratia,

56 648 827 69 & bencuolentia Dei, Christiq́; merito, inuitam beatam,

54 701 831 65 & municipatum ſanctorum eſſe aſſertos. Cum mortui in

56 756 829 64 quit, eratis deliclis & peccatis, nihil ſcilicet uitæ piæ, quæ¬

57 797 833 73 ſola uita recte dicitur, et perpetuò durat, habentes·Vnde

57 847 834 76 explicans hanc mortem ilico ſubiecit: In quibus aliquando

57 895 837 80 ambulastis, id eſt, uixiſtis, tropo ſcripturæ uulgari, iuxtà

59 952 831 70 ſæculum mundi huius, quod quia pro ratione uiuendi qua¬

61 998 829 65 uiuere hic mundus ſolet, poſitum non dubito, ſic quoque

62 1047 828 69 malui reddere· Voluit forte Paulus per ἀιῶνα hic expri¬

64 1106 835 60 mere quod Ebræ· חרל dicitur, & tempus uitæ præſen¬

64 1149 834 73 tis ſignificat, ut ex Pſalm·39·uerſu 5·& Ieſcha·38·uer·

67 1199 834 70 21·liquet, ut intellexerit per uiuere ſecundum ſæculum

68 1247 831 66 mundi huius, uiuere pro cupiditate uitæ preſentis ſæculi,

73 1302 831 70 & temporis quo in hoc mundo agimus·Qua ſané cupidi

68 1352 831 64 tate, quiſq; ſua tantum quærit, & adopes, dignilatesq́;

70 1397 835 66 et uoluptates eluctatur, ſiue id cum commodo, ſiue incom

71 1447 837 70 modo proximi fiat, ſiue modus ſeructur, ſiue minus, imò

70 1502 838 84 nunquam abſque iniuria proximi, & cum modo decenti.

826 140 51 58 40

901 678 156 67 Mortui de

899 734 89 71 lictis.

908 911 162 87 Viuere iu

910 978 156 72 xta ſæcu¬

905 1038 77 75 lum·

830 1553 77 72 Vnde
