1092 1720
150 47 660 60 IN I. EPIST. AD TIMOTH.

829 40 49 73 .99

78 96 805 75 Aliqui d illa quidẽ ſunt, imò magna, ſed quid

79 151 803 65 reſpectu abuſus? hypocritæ ei longè maiora

83 203 796 65 aſsignãt, merita erogationis & ſupererogatio

82 252 796 63 nis, gradũ in cælo, vitam æternam, & ſimilia.

112 301 764 66 Deinde addit alterum argumentum à na¬

76 351 798 64 tura εὐσεβείας, QVAE AD OMNIA V¬

81 403 797 60 TILIS EST: opponit gymnaſiæ veram

84 449 793 57 pietatem, q.d.exceſſui verã rationem colen¬

82 494 794 69 di Deum. Id quod plus prodeſt præferri ſem¬

83 546 791 63 per debet in vſu rerum : bonum enim maius

82 595 791 67 præſtantius eſt, ſed pietatis ratio plus prodeſt

87 645 736 64 cæcis illis exercitiis. Ergo, &c.

117 697 755 62 Πάντα accipio hîc comprehe nſim genera¬

83 742 789 66 liter hoc eſt, ad vitæ æternæ commoda, & vi¬

79 795 791 63 tam æternam conſequendam, & rectè oppo¬

75 843 795 62 nunt voces ὀλίγον & πάντα. Exercitatio cor¬

77 895 793 57 poris hîc bis cadit: primùm ſua natura, dein¬

78 940 793 64 de relatiuè ad pietatem veram. Sed excipiunt

74 988 798 67 hîc ſuprà ſuperſtitioſi, quomodo pietas ad

72 1041 796 63 omnia poſsit? quomodo ad agriculturami?

72 1089 797 63 mercaturã? artes mechanicas diſcendas? Re¬

79 1139 794 62 ſpondemus etiam, ad has & in his plurimum

86 1188 786 57 prodeſſe, nam in omnibus actionibus æqui¬

82 1239 791 60 tatem reſpicere iubet, Dei gloriam, proximi

77 1289 794 60 commodum, & iuſtitiæ communẽ regulam:

69 1335 799 62 ſic ad mercaturam prodeſt, ne fiat ex merca¬

70 1384 803 62 tore honeſto turpis vſurarius, aut impoſtor, in

69 1434 803 60 mechanicis dictat honeſta viuendi ratione,

58 1484 814 75 oportere eſſe contentum, nec defraudandum

636 1542 78 59 G 2
