6000 9420
743 481 2859 272 PAVLI AD EPHES.

4047 481 356 351 111

413 842 3979 330 luti uni imperatori Chriſto nomẽ de¬

418 1193 3974 345 diſtis, concordiã quoq; inter cõmilito

418 1538 3969 330 nes uigere cõuenit. Quid ſit baptiſmus

408 1847 3979 330 & quot Chriſtianorum ſacramenta

387 2177 3969 366 ſint, lege Zuinglij felicis memoriæ li¬

392 2512 3398 361 bellum de uera & falſa religione.

1057 2925 2319 267 Vnus deus, & pater omnium.

738 3202 3607 320 Sextũ argumentũ. Quũ uno, & e¬

408 3532 3937 272 odẽ deo omniũ rerũ autore, condito¬

397 3862 3938 324 re, & parẽte gaudeatis: par erit, ut ſpi¬

382 4176 3958 345 ritus quoq; ab illo, & filio ſuo procedẽ¬

371 4526 3964 320 tis unitatẽ ſeruetis Hinc primũ doce¬

371 4851 3932 345 bis, quod cum deus omnia creauerit,

356 5186 3963 345 ipſe increatus: & ab humano captu im

392 5521 3948 340 perueſtigabilis ſit, eius initiũ, & finem

345 5845 3995 351 non inueſtigandum eſſe: atque illud

350 6170 3964 355 Socratis: Quæ ſupranos, nihil ad nos.

345 6499 3984 367 Itẽ illud Pauli: Non oportet plus ſape¬

335 6871 3989 345 re, quã par ſit. Sempin ore, & in pecto

335 7164 3979 366 re habendũ, id qđ & Lactãtius libro 2.

340 7541 3953 445 de origine erroris, capite5. admonet.

3382 7850 926 402 Deinde
