1072 1776
231 102 63 45 144

415 82 455 58 COMMENTARII

227 132 767 68 ſtolus hunc ordinem ſeruat. Initio dat præce

230 180 765 72 ptũ quod ſeruis eſt ſequendum: mox addit

230 235 761 66 præcepti rationem : tertiò reſpondet impa¬

228 284 763 63 tientiæ ſeruorum, de fidelibus dominis ex¬

229 333 760 62 cipientium : quartò, hoc ipſum firma ratione

230 381 752 61 probat : quintò demum concludit locum.

229 432 757 67 Sunt illa, πρότασις, κἁίτιον, ἀνθυποφορὰ, κατασκευὴς,

230 488 280 54 & συμπέρασμα.

270 520 721 73 Propoſitio eſt in illis verbis, QVICVUNQVE

234 583 754 57 SVBIVGO SVNT SERVI, PROPRIOS HEROS

229 627 763 64 OMNI HONOREDIGNOS IVDICENT. Præce¬

230 670 763 69 ptum eſt, cuius ſententia ſit, ſerui dominis

228 722 767 66 ſuis officium ſuum omni reuerentia quàm

230 774 569 64 promptiſsimè debent præſtare.

276 814 719 71 Qui ſerui ſint deſcribit, οἱ ὑπὸ ζυγόν, eos hu

227 865 767 70 militatis admonens à qualitate conditionis:

227 916 768 73 ſub iugo ſunt, igitur patientia opus eſt. Item

228 969 768 62 iugum hoc excuti propria authoritate non

228 1015 767 69 debet, quemadmodum iumenta ſubiugata

228 1063 767 68 non laudantur ſi excutiant illud aut recal¬

228 1111 767 72 citrent. Hoc agnoſcant ſerui, præ ſertim pie¬

228 1161 767 65 tatem profitentes. Deinde addita eſt clauſu¬

229 1216 766 61 Ia vniuerſalis ὅσι, admonens etiam eos qui

227 1264 768 64 ſunt quacunque ratione ſuperiori poteſtati

227 1311 764 62 ſubiecti, debere obedientiam præſtare his

228 1360 755 66 quibus ſubiecti ſunt, quales ſunt ſubditi er¬

229 1406 750 72 ga magiſtratum, famuli, ancillæ, clientes di¬

228 1459 755 68 ſcipuli & ſimiles perſonæ. Obedientiam de¬

229 1505 761 108 bent his quibus Dominus eos ſubiecit, quos

877 1562 110 58 notan¬
