6000 9420
801 549 2764 345 PAVLI AD EPHES.

3856 478 337 361 117

198 926 3995 377 am ſcripturæ teſtimonio probauit, cõ¬

193 1224 4005 387 modiſſima occaſione à Chriſti aſcenſi¬

198 1590 3995 382 one cœpta, illius quoq; mortẽ & reſur¬

204 1904 4047 393 rectionem deſcribit: idq́; duobus potiſ¬

198 2229 4053 398 ſimum nominibus. Primum ut Chriſti

204 2564 4015 408 humilitate, & ſubmiſſione Epheſijs ob

209 2920 4010 382 oculos poſita, eoſdem ad ſui deiectio¬

209 3249 4005 393 nem adhortaretur, ſicut & ad Philipen

209 3595 3989 356 ſes ſecundo facit. Deinde ut doceret,

214 3935 3984 345 Chriſti humanitatem, diuinitati tum

219 4259 3985 377 coadunatã intellige, cœlos aſcendiſſe.

219 4589 4000 398 Siquidem iuxta diuinitatem ubiq; ſem

235 4940 3969 398 per fuit, & per conſequens nec à cœle

235 5296 1995 366 ſti patre ſuo abfuit.

874 5615 2602 345 Niſi quod prius etiam deſcendit.

534 5908 3633 361 Paulus idem heîc ſignificare uult,

251 6222 3942 424 quod Chriſtus iple loannis decimoſe,

251 6599 3984 371 xto ubi inquit: Exiui à patre & ueni in

261 6934 3964 366 mundum. lterum relinquo mundum,

267 7258 3979 377 & uado ad patrem. Sed dices: Quomo

272 7583 4031 434 do Chriſtus à patre exiuit, quum ipſe

3397 7938 890 299 Ioannis

2992 7975 204 322 3

2513 7928 337 330 H
