1095 1718
193 70 30 43 4

345 53 474 49 PROLEGOMENA

189 102 821 65 quidem fuiſſe, ſed eruditum & ad miniſte¬

188 159 650 63 rium Euangelicum aptiſsimum, &c.

503 219 184 77 Oecaſio.

238 297 765 61 I. Cura & ſolicitudo Apoſtolo extorſit

189 351 809 54 occaſionem ſeribendi hanc epiſtolam: id

189 401 808 59 quod colligi poteſt partim ex capite primo

188 450 814 58 huius epiſtolæ, partim ex Act.20. Nam

190 498 811 61 profecturus Apoſtolus in Macedoniam, E¬

187 548 813 58 pheſi reliquerat Timotheum: cauſa rei fuit,

188 595 813 62 vt illic ſubſiſtens reſiſteret νομοδιδασκάλοις,

185 646 816 61 aliíſque corruptelis ſanæ doctrinæ. Vide¬

186 696 812 58 rat enimi Apoſtolus vbique ſinceræ doctrinæ

186 748 809 54 Satanam inſidiari, vt illam vel Moſaicis ce¬

184 797 810 57 remoniis contaminaret, vel deliriis Philo¬

183 844 808 58 ſophicis. Sic Galatæ ſemi-Iudæi facti erant

184 894 805 59 admiiſſa circunciſione : apud Corinthios ve¬

184 945 808 57 rò, more Ethnico ferebant ſcortatores, in¬

183 993 813 59 ceſtuoſos, ebrios in Cœna Domini, & qui

183 1043 811 61 cum Philoſophis negarent reſurrectionem

183 1099 138 45 carnis.

224 1139 771 57 Has corruptelas omnes, vel aliquas ſaltem

179 1189 811 60 metuebat in Epheſina Eccleſia, ideo vt his

179 1242 810 57 malis obicem poneret, hunc apud eos re¬

180 1291 141 62 Iiquit.

237 1338 746 59 2. Deinde in ea Eccleſia nondum con¬

176 1388 807 58 ſtitutus erat numerus miniſtrorum in Euan¬

179 1440 807 55 gelii cauſa neceſſarius: quos miniſtros nemo

178 1489 809 66 rectiùs conſtituere poterat quàm is qui eli¬

868 1539 119 65 gendi
