6000 9420
832 761 2788 290 PAVLI AD EPHES.

376 1114 3932 393 cis, ſpiritus ſancti proprium officiũ eſt,

376 1475 2299 335 quod modo recenſui.

905 1810 2718 325 Qui eſt arrabo hereditatis noſtræ.

654 2114 3654 309 Id eſt, certiſſimum teſtimonium.

371 2449 3958 361 Metaphora à cõtractibus ſumpta, qui

350 2805 3974 319 tum demum rati habentur, quum arra

350 3119 3958 335 bo datus fuerit, id quod in ædiũ diſtra

361 3459 3942 335 ctione, & in ſponſalibus maximè fieri

345 3788 3942 346 ſolet. Diuẽdita nanq; domo, arra, ger¬

350 4134 3953 350 manicè ein gotzpfennig, datur, facto

350 4469 3943 324 autem cõnubio, ſponſus anulum ſpon

345 4788 3948 345 ſæ ſuæ dat. Ad eum quoq; modum, a¬

345 5128 3958 335 nimas noſtras Chriſto deſponſari, hoc

345 5468 3953 346 loci commonefacies, idq́; fieri, quoties

350 5777 3911 377 illę Chriſto ſponſo fidẽtes, per ſpiritũ,

350 6159 3676 319 tanquam arrabonem certificantur.

863 6478 3440 314 In redemptionem adquiſitæ poſſeſſionts &c.

659 6766 3639 377 Quaſi diceret obſignati eſtis, & ad¬

345 7143 3953 340 optati in certam, & iam ad quiſitam re¬

345 7452 3948 387 demptionem per Chriſtũ leſum. Qui¬

345 7792 3948 434 cunq; enim illo fidit (ut ipſe in Euange¬

4068 792 243 283 21

2628 8101 167 382 B

3952 8132 351 277 liↄ

3259 8132 275 455 3
