1082 1722
180 53 627 58 IN I. EPIST. AD TIMOTH.

850 55 42 66 141

99 110 802 65 bis Ianguidum & inhabile ad tantum mu¬

105 163 798 58 nus corpuſculum. Noſtræ hodie rationes

107 214 796 54 inſtruendæ magis ſunt contra vini potionem

107 264 795 57 quæ nimium immoderata & impudens eſt

107 309 463 63 apud miniſtros Chriſti.

136 360 763 65 24 Quorundam hominum peccata an¬

106 413 507 70 te manifesta ſunt, &c.

151 467 754 62 Epilogus eſt eontinens inſtructionem ac

104 520 801 53 conſola tionem: videntúrque hæc commodè

100 568 805 59 ſuperioribus cohærere, ſi verſum 23. includas

105 618 800 62 parẽt heſi, erúntque hæc verba antipophora:

109 665 796 62 poterat enim dicere Timotheus, vix potero

110 716 795 60 cauere hy pocritas quò minus ſeſe inſinuent

107 766 797 59 & ingerant vtcunque ſim prouidus & ſcue¬

104 815 800 60 rus examinator: malum enim occultum eſt

101 862 803 64 ſæpe, vt quid ſequendum ſit ſcire non poſsit.

102 910 801 65 Reſpondet igitur Apoſtolus conceſsione.

104 963 798 59 Verum eſt, impietas in multis occulta latet,

98 1013 806 61 attamen ſemper latere non poteſt: aut enim

100 1061 803 64 manifeſta ſunt peccata quæ κρίσιν et iam faci¬

107 1106 293 66 Iem efficiunt.

147 1157 758 65 Hæc peccata præcedunt iudicium & in¬

107 1210 795 59 formãt nos quid ſequendum fit & inter exa¬

108 1258 797 62 minandum notoria ſæpe fit ruditas, inhabi¬

104 1307 798 61 litas, ſtupor & inſcitia Scripturæ. Id totũ de¬

97 1359 806 57 ducit te ad certam criſin. In aliis latent, atta¬

95 1406 807 62 men poſt criſin produntur, vt ſuperbia & ar¬

96 1457 809 62 rogãtia, quæ ſe prodit, ſi hypocrita fuerit ad¬

98 1506 806 75 miſſus, nã veſtis virum faciet, & magiſtratus
