2527 3984
308 305 1604 139 THOMAEDE VIOCAIE

295 318 1647 189 LHOMIAE DE IO CAIE.

292 484 1643 80 VIPAVLIET ALIORVMAPOSTOLORVMEPISTOLAS

292 537 1643 133 COMMENTARIL ET PRIMVMIN EPISTOLAM PAVE.

288 604 485 83 AD ROMANOS.

820 700 1119 93 AVLVS,) Erpofito textu quatuor Euãgeiiſtarum, occur

820 766 1122 83 runt epiſtolæ Pauli Et in primis ad Romanos. Quæ pri¬

820 826 1119 86 ma ſui diuifione diuiditur in falutationem, d narrationẽ,

820 886 1119 83 ibi, primum quidem. ¶Incertum eſt an a principio Paulus

820 942 1119 80 fuerit binomius, an a principio nominatus fuerit Saulue

820 995 1125 87 & progreflu temporis nominatus fuerit Paulus. Ex eo em

823 1059 1126 76 ꝙ ipſe femper Paulum ſe nominat in ommbus ſuis epiſto¬

820 1115 1122 80 lis, apparet q nominatus fuerit Paulus a prĩcipio: alioquin

823 1175 1122 76 nouo nomine ſe nominans, ambiguum ſe reddidiſfet. Vna

820 1225 1122 79 de & Petrus nouiter appellatus, pominat ſe, Simõ Petrus.

823 1278 1119 83 Et cõſequenter Paulus debuiſtet ſe nominare, Saulus Pau

820 1337 1119 83 lus Ex eo vero q in Actibus Apoſtolorum vſg ad.xiii,cap

823 1397 1119 80 tulum, immo vſg ad conuerſionem Sergii Pauli Procon¬

820 1454 1122 69 lis ſemper nominatur Saulus, & ex tune incipit a Luca no¬

116 1503 1829 80 minari Paulus, apparet ꝙ Pauli nomen a Proconſule acceperſt. CVndecug autem nominatus

116 1560 1833 86 fuerit Paulus, conſtat ꝙ regio nomine(ſcilicet Saul ſeu Saulus )vti noluit fed nomine humili.

119 1623 1823 73 Paulus enim diminutiuum eſt a parum ſecundum grammaticam. Inde ſiquidem paulum, pau¬

116 1676 1829 73 lulum, pauxillum &c. SERuus leſu Chriſti,) Seruus quicquid eſt, domini ſui eſt, totũ ſe eſſe

112 1729 1830 87 Ieſu Chriſti ſignificat. VOcatus apoſtolus.) Nõ eſt ſenſus, noĩatus apoſtolus, ſed accitus apo

116 1789 1826 76 ſtolus: hoc eſt vocatus ad apoſtolatſi. Non meipſum feci apoſtolum, ſed ad apoſtolarũ vocatus

119 1845 1823 83 fum, Act. ix Vas electionis eſt mihi iſte vt portet nomen meum dc. SEgregatus in euangelig̃

112 1902 1830 76 dei. Act xiii. Dixit ſpiritus ſanct) Segregate mihi Barnabam & Saulum in opus ad quod aſſui¬

119 1958 1823 87 pli eos. Ita ꝙ meminit vtriuſ rei geſte. Et prime electionis, dicendo vocatus apoſtolus: & ſubſe

116 2021 1826 73 eute ſegregationis ad prædicandũ euangelium, dicendo ſegregatus in euangeliti dei! QVOD

112 2075 1830 73 ante proniſerat.Vnuſquiſ poreſt fingere euangelit̃ dei eſſe id quod ipſe annunciat. Et pro¬

109 2128 1830 83 pterea ad huiuſmodi fictiones & adinuentiones excludendas declarar conditiones euangelii ad

109 2187 1830 73 quod prædicandum ipſe eſt miſſus. Declarat autem non eſſe humanum figmentum, nõ efſe no¬

116 2250 1826 77 uiter adinuentum aut ex improuiſo ortum, ſed olim promiſſuma deo. PER prophetas ſuos.

112 2304 1833 76 Citat teſtes promiſſionis diuinæ prophetas, non idolorum, ſed ſuos: hoc eſt quilindubie fuerunt

106 2360 1839 76 prophetæ eius. IN ſcripturis ſanctis. PPromiſſio hæc diuina per prophetas, demãdata eſt ſcri¬

106 2416 1836 83 pturæ vt excludatur omnis figmenti ſuſpitio. Et non in quibuſcaq; ſeripturis, ſed in ſeripturis

112 2473 1833 80 fanctis, mundis ab omni errore, ab omni admixtione. Et intendit ad literam ſcripturas q̃ apud

109 2516 1836 90 Hebræos appllantur ſeripturæ ſanctæ: vtpote mundæ ab omni prmixtione humani fenſus.

106 2573 1836 92 Et hæ ſunt libri vet eris teſtamenti quos canonicos appellamus. Magna eſt euangelii commen

109 2642 1833 77 datio, ex hoc ꝙ promiſſum eſt a deo per eius prophetas in ſanctis ſcripturis. Nulla ſiquidem ſe¬

116 2695 1826 83 cta immo nec ipla vera fides patrum legis Moſaicæ ſimili prærogatiua donata eſt. DE Filio

112 2752 1833 83 fuo.) Materia euangelii explicatur. Refertur enim hoc quod dicitur de filio ſuo, ad id quod di¬

109 2812 1820 76 xerat in euangelium dei. Declarat fiquidem quid annunciat euangelium dei. CQVI factus eſl

109 2868 1820 80 ei Suprfluit pronomen ei. Et ſi verbũ verbo reddẽdum eſt non eſt legẽdum qui factus eſt, ſed

132 2931 1810 76 FActo ex ſemine Dauid ſecundũ carnem.) Intẽdit apoſtolus, materiam euangelii declar are

112 2971 1830 93 effe filium dei ſecundã duas naturas & fecundum duos aduentus Et propterea incipit explica¬

112 3037 1830 83 re fimul naturam humanam & primum aduentum filli dei.Et hine apparet beatam virgine ex

116 3097 1826 80 qua natus eſt leſus, ex ſemine Dauid deſcendiffe: alioquin non efſet verum ꝙ Iefus ſecundum

112 3144 1833 89 carnem factus effet ex ſemine Dauid. QVI prædeſtinatus eſt filius dei.)Legẽdũ eſt. DEfIni

116 3213 1826 77 to filio dei.) Verbum verbo reddendo. Et oportet propter hæreticos, textum ipſum Pauli( non

116 3270 1823 76 interpretes )exponere. Aiunt enim Arriani & ſimiles. Paulus dicit fic, quicquid expoſitores in¬

119 3323 1820 133 terprercutur Eit itay ſerius llreralis y faaus ſccudum camnem ez ſemine Dapia et dehmieus,

1979 312 46 112 A

1985 912 40 103 B

1992 1497 26 153 C

1989 2114 26 186 D

1989 2835 19 119 E

1683 3389 93 87 AA
